date;revenue;cogs;gross_profit;net_profit;cash;acc_rec;inventory;curr_assets;goodwill;intangible_assets;total_assets;acc_pay;short_term_debt;current_debt;curr_liab;long_term_debt;total_liab;cash_from_operating_activities;capex;shares;real_date
2004-03-31;1414;-1284;130;41;314;513;615;2058;41;52;4668;885;-;244;1157;1085;2327;127;-58;80.87;2004-05-10
2004-06-30;1927;-1730;197;81;316;330;711;2056;41;52;4721;941;-;156;1129;1084;2298;157;-100;80.91;2004-08-09
2004-09-30;1715;-1537;178;69;184;482;750;2174;41;52;4918;1091;-;156;1288;1083;2455;155;-64;81.11;2004-11-09
2004-12-31;2096;-1866;230;100;802;371;621;2435;42;52;5243;1438;-;6;1487;1081;2692;39;-118;81.05;2005-02-14
2005-03-31;1519;-1391;128;35;54;575;802;2035;42;52;4969;1050;-;206;1610;670;2380;141;-78;81.30;2005-05-10
2005-06-30;2032;-1813;219;92;172;416;735;1979;42;52;4977;979;-;205;1214;970;2285;176;-65;81.80;2005-08-09
2005-09-30;1904;-1695;209;84;193;511;902;2466;45;52;5473;1200;-;205;1448;1171;2725;195;-105;82.09;2005-11-09
2005-12-31;2319;-2050;269;120;838;653;676;2981;46;52;5056;1546;-;204;1821;1171;3145;114;-143;81.87;2006-02-14
2006-03-31;1572;-1424;148;48;256;571;898;2399;46;52;5270;1036;-;4;1061;1170;2429;155;-84;81.48;2006-05-10
2006-06-30;2247;-2008;239;103;93;382;782;2177;46;52;5057;1026;-;4;1058;1170;2427;199;-77;81.59;2006-08-09
2006-09-30;2023;-1802;221;95;2;562;1000;2478;46;52;5503;1262;-;3;1431;1169;2797;91;-145;81.61;2006-11-09
2006-12-31;2427;-2182;245;108;741;340;667;2541;46;52;5805;1580;-;3;1663;1168;3019;395;-223;81.58;2007-02-14
2007-03-31;1743;-1574;169;65;-;577;886;2144;50;52;5426;1186;-;3;1233;1166;2596;168;-125;81.50;2007-05-10
2007-06-30;2317;-2052;265;122;-;364;811;2063;50;52;5434;1156;-;153;1326;1013;2535;202;-139;81.48;2007-08-09
2007-09-30;2053;-1816;237;106;-;519;1072;2651;50;52;6136;1566;-;153;1938;1014;3158;196;-156;81.52;2007-11-09
2007-12-31;2508;-2243;265;124;-;707;757;3116;52;52;6743;1848;-;156;2110;1341;3649;175;-169;81.50;2008-02-14
2008-03-31;1825;-1645;180;67;289;515;1021;2733;62;226;6432;1236;-;157;1681;1356;3239;109;-126;81.52;2008-05-10
2008-06-30;2451;-2227;224;98;29;363;997;2473;63;224;6209;1200;-;6;1362;1362;2936;139;-100;81.50;2008-08-09
2008-09-30;2256;-2024;232;109;2;584;1301;3396;72;233;7077;1417;-;11;1982;1370;3704;140;-100;81.51;2008-11-09
2008-12-31;2589;-2304;285;101;429;824;918;3979;71;248;7784;1444;-;15;2000;1373;4219;200;-34;81.52;2009-02-14
2009-03-31;1758;-1598;160;50;520;731;1104;4112;71;255;7962;1158;-;11;1910;1374;4404;144;-76;81.63;2009-05-10
2009-06-30;2325;-2066;259;104;1346;479;991;4919;71;263;8730;1160;-;160;2299;1423;5143;170;-43;81.68;2009-08-09
2009-09-30;2166;-1940;226;85;876;683;1217;5392;72;262;9147;1397;-;454;2856;1116;5523;168;-49;81.7;2009-11-09
2009-12-31;2437;-2184;253;96;786;836;934;5112;72;265;8790;1391;-;309;2564;1102;5102;213;-52;81.68;2010-02-14
2010-03-31;1889;-1302;587;52;845;565;1089;6663;-;334;11179;1045;-;687;3730;1220;7506;231;-60;81.96;2010-05-10
2010-06-30;2470;-1738;732;123;1067;413;934;6665;-;339;11157;939;-;685;3502;1268;7325;403;-96;81.96;2010-08-09
2010-09-30;2266;-1567;699;101;658;615;1238;6804;-;345;11254;1303;-;388;3508;2397;7368;98;-129;81.93;2010-11-09
2010-12-31;2588;-1814;774;169;569;674;901;6528;-;361;11048;1180;-;354;3251;2365;7043;147;-143;81.85;2011-02-14
2011-03-31;1976;-1363;613;58;458;694;1084;6570;-;360;11137;1231;-;355;3382;2360;7131;125;-55;81.86;2011-05-10
2011-06-30;2571;-1842;729;106;934;601;940;6955;-;365;11517;1164;-;355;3756;2355;7405;256;-56;81.83;2011-08-09
2011-09-30;2741;-1924;817;137;493;876;1775;7447;-;1092;12879;1743;-;354;4824;2351;8580;485;-823;81.74;2011-11-09
2011-12-31;3135;-2196;939;166;326;829;1448;6926;-;1110;12338;1641;-;28;4153;2348;7930;539;-90;81.80;2012-02-14
2012-03-31;2440;-1690;750;71;237;835;1606;6907;-;1102;12366;1493;-;663;4802;1712;7926;-51;-158;81.78;2012-05-10
2012-06-30;2991;-2096;895;134;311;635;1528;6875;-;1096;12278;1425;-;663;4373;1917;7698;335;-50;81.82;2012-08-09
2012-09-30;2830;-1971;859;131;262;779;1840;7360;-;1090;12752;1739;-;273;4627;2077;8154;27;-76;81.81;2012-11-09
2012-12-31;3167;-2172;995;163;1016;751;1503;7796;-;1090;13228;1631;-;662;4672;2336;8464;431;23;81.72;2013-02-14
2013-03-31;2480;-1713;767;73;312;793;1675;7234;-;1079;12677;1649;-;22;4125;2336;7831;66;-100;81.41;2013-05-10
2013-06-30;3021;-2077;944;155;572;528;1442;7125;-;1072;12549;1469;-;274;4136;2080;7605;363;-38;81.30;2013-08-09
2013-09-30;2956;-2027;929;146;408;721;1736;7580;-;1137;13156;1940;-;661;4660;1912;8106;186;-245;81.08;2013-11-09
2013-12-31;3329;-2246;1083;191;643;759;1481;7978;-;1186;13630;1817;-;272;4322;2339;8180;183;-403;80.93;2014-02-14
2014-03-31;2573;-1738;835;76;576;853;1679;8002;-;1179;13587;1779;-;272;4191;2337;8118;-43;39;80.52;2014-05-10
2014-06-30;3166;-2153;1013;179;308;534;1555;7385;-;1213;13033;1706;-;319;4092;1841;7577;306;21;80.09;2014-08-09
2014-09-30;3070;-2085;985;178;410;845;1973;8251;-;1214;14137;2040;-;321;4542;2394;8591;-173;-261;79.21;2014-11-09
2014-12-31;3654;-2440;1214;207;662;880;1624;8510;-;1252;14553;1961;-;588;4579;2132;8922;-484;-388;78.46;2015-02-14
2015-03-31;2515;-1633;882;88;291;1105;1891;8452;-;1242;14534;1897;-;587;4434;2130;8869;-185;-75;77.90;2015-05-10
2015-06-30;3258;-2206;1052;186;1076;664;1769;8732;-;1231;14892;1795;-;288;3925;2974;9232;550;-75;77.28;2015-08-09
2015-09-30;3127;-2103;1024;220;846;1065;2137;9101;-;1220;15351;2178;-;289;4399;2971;9671;-7;-44;76.22;2015-11-09
2015-12-31;3380;-2203;1177;242;900;915;1764;8692;-;1247;14987;1957;-;24;3884;2971;9198;621;-105;74.94;2016-02-14
2016-03-31;2559;-1654;905;86;312;849;2073;8495;-;1249;14888;1828;-;24;4064;2966;9353;-288;-435;73.75;2016-05-10
2016-06-30;3352;-2242;1110;199;535;634;1870;8340;-;1261;14926;1689;-;232;3951;3098;9356;398;-137;72.98;2016-08-09
2016-09-30;3128;-2056;1072;198;300;883;2207;8627;-;1274;15254;2055;-;231;4316;3094;9664;103;-80;72.14;2016-11-09
2016-12-31;3641;-2344;1297;265;830;691;1710;8638;-;1280;15302;1859;-;653;4681;2667;9565;774;-130;71.25;2017-02-14
2017-03-31;2754;-1781;973;108;416;890;2048;8686;-;1275;15335;1900;-;670;4753;2652;9713;-229;-136;70.47;2017-05-10
2017-06-30;3414;-2262;1152;217;689;487;1912;8897;-;1274;15537;1689;-;457;4295;3380;9996;346;-308;69.54;2017-08-09
2017-09-30;3304;-2183;1121;199;653;810;2281;9379;-;1281;16078;2172;-;457;4852;3377;10575;19;61;68.25;2017-11-09
2017-12-31;3964;-2570;1394;295;437;681;1769;8796;-;1293;15624;2100;-;282;4519;3122;10050;837;-257;67.19;2018-02-14
2018-03-31;2815;-1843;972;99;283;872;2060;8527;-;1282;15444;2157;-;287;4680;3315;10335;-256;-163;66.35;2018-05-10
2018-06-30;3481;-2382;1099;174;334;552;1908;8395;-;1283;15314;1944;-;287;4608;3312;10220;336;-100;65.30;2018-08-09
2018-09-30;3631;-2408;1223;231;446;976;2396;9513;-;2266;17432;2421;-;787;5912;4038;12379;-80;-878;64.68;2018-11-09
2018-12-31;4132;-2714;1418;278;470;933;1997;9256;-;2272;17286;2425;-;554;5258;4000;11872;807;-167;63.71;2019-02-14
2019-03-31;2894;-1896;998;97;299;986;2353;9413;-;2277;19144;2020;-;539;5756;3920;14207;-462;-167;62.33;2019-05-10
2019-06-30;3686;-2543;1143;204;600;580;2278;9547;-;2297;19237;2073;-;539;5278;4478;14275;539;-88;61.79;2019-08-09
2019-09-30;3637;-2408;1229;228;226;1005;2611;9893;-;2276;19615;2310;-;538;5835;3979;14320;-97;-149;61.68;2019-11-09
2019-12-31;4317;-2814;1503;366;206;938;2213;9555;-;2414;19518;2492;-;788;5751;3730;14013;1107;-354;61.67;2020-02-14
2020-03-31;2848;-1909;939;12;443;998;2475;9756;-;2341;19532;2040;-;751;5903;3786;14144;-147;-99;61.17;2020-05-10
2020-06-30;3162;-2221;941;2;1992;685;2114;10331;-;2337;20051;2143;-;900;5513;4336;14793;1339;-90;60.81;2020-08-09
2020-09-30;3986;-2639;1347;326;1303;918;2505;10334;-;2331;19973;2555;-;151;5421;4115;14516;488;-326;61.18;2020-11-09
2020-12-31;4875;-3025;1850;522;1327;974;2313;10546;-;2373;20373;2508;-;151;5206;4116;14542;785;-355;61.36;2021-02-14
2021-03-31;3323;-2136;1187;186;1500;1220;2603;11102;-;2365;20949;2313;-;1;5723;4265;15027;-369;-89;61.40;2021-05-10
2021-06-30;3918;-2573;1345;259;1940;572;2568;11086;-;2347;21144;2413;-;150;5828;4116;15079;1002;-150;61.44;2021-08-09
2021-09-30;3913;-2556;1357;280;1548;835;2875;11418;-;2374;21561;2573;-;720;6543;3547;15202;41;-140;61.33;2021-11-09
2021-12-31;5138;-3191;1947;536;1752;970;2481;11646;-;2372;21802;2914;-;720;6790;3559;15291;1141;-357;61.01;2022-02-14
2022-03-31;3837;-2526;1311;218;854;1387;2698;11224;-;2368;21459;2606;-;570;6165;3807;14884;-593;-9;60.19;2022-05-10
2022-06-30;4404;-3021;1383;178;513;800;3034;10820;-;2297;21060;2936;-;626;6082;3752;14457;488;91;59.63;2022-08-09
2022-09-30;4228;-2843;1385;225;316;1477;3443;11795;-;2270;22211;3158;-;640;7024;3617;15385;-339;-131;58.98;2022-11-09
2022-12-31;5340;-3322;2018;563;331;1310;3216;11530;-;2342;22102;3201;-;1040;7147;3217;15063;911;-182;58.50;2023-02-14
2023-03-31;3707;-2425;1282;43;312;1508;3280;11702;-;2288;22163;2849;-;985;7498;3218;15460;-311;-159;57.43;2023-05-10
2023-06-30;4256;-2807;1449;127;433;863;3214;11450;-;2248;21840;2926;-;1545;7704;2659;15283;823;-74;56.55;2023-08-09
2023-09-30;4250;-2814;1436;-28;459;1524;3360;12186;-;2256;22713;2990;-;561;6999;3754;16212;-29;-162;55.76;2023-11-09
2023-12-31;4443;-2906;1537;197;311;1151;2693;11293;-;2255;21978;2689;-;561;6389;4404;15533;870;-353;55.76;2024-02-14
2024-03-31;3,524;-2,274;1,25;96;592;1,468;2,782;11,857;-;2,201;22,426;2,782;-;561;6,746;4,405;15,975;122;-114;55.76;2024-05-06
2024-06-30;4,132;-2,725;1,407;224;455;803;2,737;11,093;-;2,21;21,855;2,644;-;600;6,192;4,354;15,279;804;-156;55.76;2024-08-05