date;revenue;cogs;gross_profit;net_profit;cash;acc_rec;inventory;curr_assets;goodwill;intangible_assets;total_assets;acc_pay;short_term_debt;current_debt;curr_liab;long_term_debt;total_liab;cash_from_operating_activities;capex;shares
2000-03-31;17;-2;16;6;9;-;-;32;13;-;144;-;-;4;28;13;69;1;-;50.2
2000-06-30;18;-2;16;2;6;-;-;20;12;-;143;-;-;-;24;13;64;10;-;50.2
2000-09-30;18;-3;15;-1;24;-;-;42;11;-;171;-;-;19;55;-;82;9;-;50.2
2000-12-31;22;-4;18;-1;10;-;-;39;15;-;182;-;-;12;37;17;91;-4;-;50.2
2001-03-31;32;-7;26;4;6;-;-;34;14;-;211;-;-;11;57;26;119;24;-;51.6
2001-06-30;34;-6;28;3;51;-;-;68;13;-;246;-;-;-;40;72;151;15;-;51.6
2001-09-30;36;-6;30;5;25;-;-;56;14;-;262;-;-;-;42;73;159;19;-;51.6
2001-12-31;30;-9;22;4;18;-;-;39;17;-;263;-;-;-;36;73;158;12;-;51.6
2002-03-31;41;-11;30;3;18;-;-;45;17;-;280;-;-;-;25;83;171;-2;-;54.2
2002-06-30;56;-13;43;-8;18;-;-;58;19;-;296;-;-;-;19;83;177;12;-;54.2
2002-09-30;58;-12;47;6;28;-;-;73;19;-;315;-;-;-;37;83;185;22;-;54.2
2002-12-31;58;-10;48;-11;12;-;-;38;8;-;278;-;-;-;35;80;162;22;-58;54.2
2003-03-31;82;-34;48;15;37;-;-;74;7;-;312;-;-;-;54;80;183;41;-17;55.7
2003-06-30;68;-35;33;8;31;-;-;69;7;-;327;-;-;7;64;63;181;26;-27;55.7
2003-09-30;64;-36;28;-6;-;-;-;65;7;-;344;-;-;7;69;88;209;-3;-29;55.7
2003-12-31;70;-40;30;2;21;-;-;56;7;-;373;-;-;7;59;117;235;6;-26;55.7
2004-03-31;37;-12;25;3;139;-;1;166;-;-;276;-;-;55;98;-;115;14;-4;877.2
2004-06-30;35;-11;24;2;158;-;1;181;-;-;249;-;-;6;36;42;83;-7;-10;877.2
2004-09-30;-1;-2;-3;-2;116;-;1;146;-;-;223;-;-;7;36;53;96;-10;-8;877.2
2004-12-31;26;-13;13;-12;123;-;2;141;-;-;224;-;-;16;30;77;118;3;-14;877.2
2005-03-31;25;-15;10;24;141;11;-;168;-;-;280;-;-;32;104;79;193;3;-11;881.4
2005-06-30;25;-13;12;-3;174;10;-;199;-;-;324;-;-;24;86;135;235;-2;-20;881.4
2005-09-30;36;-18;17;0;162;13;-;189;-;-;351;-;-;24;93;135;246;8;-30;881.4
2005-12-31;37;-20;16;25;160;15;-;249;-;-;442;-;-;15;70;207;298;7;-24;881.4
2006-03-31;62;-20;42;-4;120;19;-;226;-;31;448;-;-;-;68;234;328;16;-26;888.5
2006-06-30;58;-18;40;12;133;15;-;216;-;33;466;-;-;4;68;243;342;8;-28;888.5
2006-09-30;45;-17;28;7;77;13;-;162;-;-;454;-;-;3;54;249;332;-6;-41;888.5
2006-12-31;21;-11;10;1;67;15;-;144;-;47;529;-;-;9;95;281;412;29;-70;888.5
2007-03-31;42;-19;23;6;89;15;-;186;-;53;611;-;-;56;122;334;495;-28;-41;883.8
2007-06-30;53;-22;31;10;143;22;-;274;-;56;733;-;-;58;129;342;597;3;-54;883.8
2007-09-30;65;-24;41;3;108;36;-;274;-;61;818;-;-;64;168;367;627;34;-81;883.8
2007-12-31;67;-36;32;-5;127;18;-;188;-;16;928;-;-;9;87;364;481;-5;-27;883.8
2008-03-31;79;-42;38;12;102;21;-;166;-;40;943;-;-;10;76;383;493;31;-45;885.9
2008-06-30;81;-36;45;3;60;30;-;134;-;65;954;-;-;21;89;373;498;22;-67;885.9
2008-09-30;60;-32;29;0;37;11;-;78;-;79;896;-;-;18;92;335;458;45;-65;885.9
2008-12-31;32;-30;2;-143;25;11;7;59;-;86;739;-;-;8;97;296;434;34;-44;885.9
2009-03-31;27;-29;-3;20;21;10;4;62;-;74;727;-;-;8;68;295;402;-18;-11;854.9
2009-06-30;35;-30;4;18;33;16;7;70;-;75;756;-;-;-;63;298;402;12;-12;854.9
2009-09-30;39;-26;13;-23;49;11;27;104;-;150;861;-;-;-;67;309;509;15;-5;854.9
2009-12-31;40;-25;15;-68;51;12;27;114;-;147;758;-;-;-;41;308;486;-18;-7;854.9
2010-03-31;44;-24;20;3;112;17;26;183;-;151;825;-;-;-;43;309;497;11;-12;899.5
2010-06-30;46;-26;19;-19;126;12;25;190;-;151;793;-;-;-;45;300;491;30;-6;899.5
2010-09-30;66;-31;35;-24;159;16;35;248;-;152;837;-;-;44;134;264;543;23;1;899.5
2010-12-31;51;-25;26;-5;237;14;36;325;-;160;926;-;-;44;215;267;564;23;-2;899.5
2011-03-31;49;-34;15;-20;177;13;55;278;-;160;861;-;-;-;164;270;506;-13;-8;934.6
2011-06-30;135;-65;69;30;230;12;47;315;-;145;879;-;-;-;163;287;483;52;-10;934.6
2011-09-30;28;-15;12;58;335;11;64;436;-;104;925;-;-;-;222;276;532;66;-7;934.6
2011-12-31;157;-94;64;49;274;50;16;341;-;116;843;2;-;44;208;230;482;52;-16;934.6
2012-03-31;123;-46;77;53;280;32;41;409;46;130;1,219;-;-;46;209;235;607;54;-28;1014.4
2012-06-30;26;-40;-14;-30;274;43;40;390;47;143;1,232;-;-;27;235;232;643;60;-32;1014.4
2012-09-30;92;-59;33;17;192;73;40;306;46;147;1,167;-;-;28;193;235;589;-13;-44;1014.4
2012-12-31;253;-66;187;143;271;124;41;436;46;131;1,319;-;-;-;186;238;598;171;-51;1014.4
2013-03-31;103;-50;54;30;301;74;40;415;46;145;1,34;-;-;-;182;234;583;84;-52;1010.2
2013-06-30;131;-57;74;48;273;100;42;415;46;158;1,394;-;-;-;189;231;585;42;-66;1010.2
2013-09-30;135;-53;82;47;262;93;38;394;46;155;1,418;-;-;-;170;231;563;63;-70;1010.2
2013-12-31;134;-48;85;-98;266;114;51;431;-;158;1,335;-;-;-;152;230;577;82;-65;1010.2
2014-03-31;113;-71;42;24;242;102;56;400;-;163;1,387;-;-;-;167;232;599;89;-79;1010.2
2014-06-30;143;-79;65;44;195;126;66;388;-;160;1,423;-;-;-;157;230;591;58;-98;1010.2
2014-09-30;116;-85;31;-42;166;153;71;389;-;161;1,381;-;-;-;181;226;589;25;-50;1010.2
2014-12-31;80;-82;-2;-252;114;187;78;379;-;151;1,101;-;-;-;219;215;569;10;-63;1010.2
2015-03-31;26;-62;-36;-74;204;175;63;442;-;144;1,149;-;-;-;236;209;572;6;-35;1069.5
2015-06-30;55;-66;-11;-40;450;188;69;707;-;142;1,387;-;-;181;380;345;850;-52;-13;1069.5
2015-09-30;52;-43;9;-15;247;180;71;498;-;140;1,147;-;-;-;152;348;625;-22;-1;1069.5
2015-12-31;55;-27;28;-83;238;156;62;455;-;133;1,008;-;-;-;124;351;572;-6;-1;1069.5
2016-03-31;50;-31;19;-5;262;156;62;480;-;89;1,013;-;-;-;130;353;581;32;-3;1076.2
2016-06-30;61;-32;29;4;249;158;73;480;-;84;992;-;-;-;100;356;554;-11;-2;1076.2
2016-09-30;49;-29;20;-3;266;157;70;492;-;83;1;-;-;-;109;359;566;28;-13;1076.2
2016-12-31;42;-37;5;-31;261;117;57;436;-;87;970;-;-;-;39;362;568;14;-9;1076.2
2017-03-31;77;-30;47;15;363;106;55;523;-;85;1,042;-;-;-;95;365;629;137;-32;1048.81
2017-06-30;82;-36;46;-13;381;103;52;568;-;83;1,078;-;-;31;151;371;697;75;-41;1048.81
2017-09-30;73;-79;-6;463;399;40;28;501;-;34;1,42;-;-;32;151;384;571;38;-28;1048.81
2017-12-31;116;-57;59;31;430;28;7;499;-;31;1,415;-;-;18;121;373;539;88;-28;1048.81
2018-03-31;142;-75;67;18;518;29;6;590;-;30;1,472;-;-;34;153;376;575;92;-18;1048.81
2018-06-30;147;-74;73;42;584;30;6;654;-;28;1,725;-;-;32;140;580;768;85;-32;1048.81
2018-09-30;171;-94;77;63;640;39;8;721;-;30;1,805;-;-;32;143;584;776;126;-39;1048.81
2018-12-31;369;-107;262;230;729;210;8;976;-;33;2,004;-;-;18;143;576;787;168;-41;1048.81
2019-03-31;204;-117;87;51;254;301;27;642;373;324;2,895;-;-;56;308;689;1,624;50;-78;1036.37
2019-06-30;266;-134;132;68;574;392;24;1,052;483;356;3,369;-;-;61;309;1,023;2,022;54;-68;1036.37
2019-09-30;227;-139;88;-96;624;299;27;1,007;356;343;3,163;-;-;57;395;1,013;2,003;210;-87;1036.37
2019-12-31;275;-152;123;51;486;479;28;1,157;334;347;3,272;-;-;229;623;836;2,111;57;-106;1036.37
2020-03-31;206;-167;38;-39;530;483;29;1,19;242;318;3,048;-;-;216;584;943;2,07;79;-78;975.73
2020-06-30;72;-126;-54;-64;413;419;31;1,098;260;350;2,965;-;-;105;463;945;2,001;41;-20;975.73
2020-09-30;163;-158;5;-123;361;410;39;1,05;179;279;2,727;-;-;86;367;942;1,868;9;-18;975.73
2020-12-31;174;-139;35;-60;464;240;42;822;162;309;2,709;-;-;4;296;934;1,863;261;-46;975.73
2021-03-31;170;-86;84;52;464;448;37;1,04;162;316;2,802;-;-;4;312;936;1,896;64;-43;975.43
2021-06-30;184;-87;98;57;441;394;32;985;162;323;2,827;-;-;37;373;822;1,868;173;-52;975.43
2021-09-30;254;-106;148;31;573;453;34;1,185;121;382;2,964;-;-;35;386;912;1,983;163;-39;975.43
2021-12-31;397;-165;231;65;721;484;36;1,277;88;232;2,948;-;-;16;386;873;1,929;330;-60;975.43
2022-03-31;339;-95;244;141;824;496;36;1,401;88;249;3,093;-;-;9;399;850;1,944;247;-67;986.97
2022-06-30;361;-104;257;72;779;346;40;1,31;66;85;2,819;87;-;13;369;658;1,642;300;-78;986.97
2022-09-30;339;-117;222;130;797;300;44;1,345;60;82;2,773;58;-;9;366;554;1,497;264;-80;986.97
2022-12-31;338;-146;193;43;932;312;47;1,465;56;97;2,803;72;-;15;445;546;1,434;245;-76;986.97
2023-03-31;269;-105;164;87;887;416;54;1,407;53;109;2,738;52;-;39;400;521;1,373;107;-57;975
2023-06-30;58;-57;2;-19;729;422;67;1,258;52;124;2,64;90;-;170;444;390;1,324;-68;-45;975
2023-09-30;141;-88;54;-55;708;152;74;1,033;46;160;2,583;91;-;170;415;391;1,338;53;-26;975
2023-12-31;199;-116;84;4;719;265;78;1,062;43;202;2,638;-;-;166;415;392;1,404;102;-36;975