date;revenue;cogs;gross_profit;net_profit;cash;acc_rec;inventory;curr_assets;goodwill;intangible_assets;total_assets;acc_pay;short_term_debt;current_debt;curr_liab;long_term_debt;total_liab;cash_from_operating_activities;capex;shares;real_date
2006-03-31;1;-1;0;-1;10;1;0;11;-;-;22;-;-;-;1;-;2;-1;-2;5.1;2006-05-05
2006-06-30;2;-2;1;-3;15;3;1;20;-;-;101;-;-;12;17;12;53;0;-4;5.1;2006-08-04
2006-09-30;4;-3;1;-3;8;5;1;15;-;-;138;-;-;30;35;13;82;-2;-4;5.1;2006-11-04
2006-12-31;7;-7;0;-4;15;1;1;23;-;-;159;-;-;12;21;12;69;-1;-7;5.1;2007-02-19
2007-03-31;9;-6;3;-3;8;3;2;18;-;-;165;-;-;12;23;12;73;-2;-5;5.9;2007-05-05
2007-06-30;10;-7;3;-1;16;3;2;29;-;-;187;-;-;13;21;0;60;-1;-7;5.9;2007-08-04
2007-09-30;10;-6;4;-2;12;3;2;24;-;-;185;-;-;14;25;-;63;3;-9;5.9;2007-11-04
2007-12-31;12;-7;5;-1;13;3;3;27;-;-;186;-;-;16;26;-;62;4;-8;5.9;2008-02-19
2008-03-31;13;-7;6;1;52;4;3;67;-;-;240;-;-;16;29;-;66;5;-9;6.8;2008-05-05
2008-06-30;11;-8;4;0;45;2;4;61;-;-;253;-;-;4;35;-;76;6;-9;6.8;2008-08-04
2008-09-30;10;-8;3;0;28;3;5;47;-;-;237;-;-;3;33;-;71;-2;-19;6.8;2008-11-04
2008-12-31;8;-7;1;-5;14;2;4;28;-;-;190;-;-;13;29;-;61;-4;1;6.8;2009-02-19
2009-03-31;12;-7;5;1;26;2;4;39;-;-;201;-;-;14;27;-;59;-;-3;8.6;2009-05-05
2009-06-30;11;-8;3;1;20;1;3;32;-;-;218;-;-;15;30;-;62;-1;-8;8.6;2009-08-04
2009-09-30;13;-7;5;2;7;2;3;21;-;-;210;-;-;3;15;-;45;2;-10;8.6;2009-11-04
2009-12-31;17;-8;9;2;5;2;4;19;-;-;239;-;-;4;15;3;50;5;-10;8.6;2010-02-19
2010-03-31;18;-9;9;1;8;9;4;23;-;-;194;12;-;4;17;3;37;6;-4;6.5;2010-05-05
2010-06-30;26;-12;14;11;15;9;5;31;-;-;202;-;-;3;17;3;35;11;-4;6.5;2010-08-04
2010-09-30;33;-14;18;10;25;8;7;42;-;-;225;-;-;4;18;-;39;19;-10;6.5;2010-11-04
2010-12-31;40;-13;27;14;35;3;9;60;-;-;259;6;-;1;14;-;46;22;-12;6.5;2011-02-19
2011-03-31;55;-17;39;24;53;5;9;107;-;-;317;6;-;2;23;-;62;34;-10;107.3;2011-05-05
2011-06-30;68;-18;50;31;105;5;10;137;-;-;372;7;-;5;36;-;77;38;-19;107.3;2011-08-04
2011-09-30;61;-16;46;28;106;6;12;140;-;-;415;10;-;5;40;-;89;35;-32;107.3;2011-11-04
2011-12-31;61;-16;44;21;91;6;15;138;-;-;443;7;-;5;28;-;93;20;-35;107.3;2012-02-19
2012-03-31;58;-17;41;26;85;7;18;142;-;-;481;10;-;5;34;-;101;39;-33;112.8;2012-05-05
2012-06-30;55;-19;36;15;71;6;19;129;-;-;510;10;-;8;34;-;113;23;-33;112.8;2012-08-04
2012-09-30;64;-21;43;25;73;8;25;138;25;-;729;17;-;8;54;-;163;26;-39;112.8;2012-11-04
2012-12-31;71;-24;47;22;112;7;24;173;25;-;813;21;-;16;57;44;220;48;-70;112.8;2013-02-19
2013-03-31;67;-24;43;27;97;10;24;174;25;-;849;23;-;19;66;37;224;45;-43;116.9;2013-05-05
2013-06-30;48;-24;25;0;69;7;32;146;25;-;870;24;-;24;66;33;244;26;-50;116.9;2013-08-04
2013-09-30;77;-36;41;16;55;10;27;129;25;-;888;13;-;29;60;28;239;38;-47;116.9;2013-11-04
2013-12-31;59;-31;28;-81;45;9;27;110;-;-;855;21;-;34;77;26;284;26;-38;116.9;2014-02-19
2014-03-31;65;-35;30;6;39;12;29;102;-;-;868;21;-;33;83;23;286;19;-26;117.4;2014-05-05
2014-06-30;67;-43;24;8;65;8;24;118;-;-;891;16;-;36;72;49;298;27;-27;117.4;2014-08-04
2014-09-30;41;-32;9;-11;33;7;33;88;-;-;875;21;-;38;76;42;291;5;-26;117.4;2014-11-04
2014-12-31;73;-45;28;-65;40;5;18;75;-;-;771;26;-;38;78;30;251;42;-26;117.4;2015-02-19
2015-03-31;55;-32;22;-1;22;8;17;62;-;-;757;21;-;39;75;21;236;6;-12;129.1;2015-05-05
2015-06-30;54;-33;21;-3;21;7;16;72;-;-;766;22;-;36;73;18;223;21;-19;129.1;2015-08-04
2015-09-30;45;-31;14;-2;16;4;16;60;-;-;751;25;-;31;74;14;208;11;-13;129.1;2015-11-04
2015-12-31;66;-40;27;-103;50;3;22;105;-;-;790;28;-;45;89;11;245;18;-13;129.1;2016-02-19
2016-03-31;67;-37;29;-7;61;5;20;118;-;-;795;26;-;19;60;41;254;22;-9;164.2;2016-05-05
2016-06-30;66;-36;30;6;70;5;22;170;-;-;840;17;-;21;51;38;242;15;-15;164.2;2016-08-04
2016-09-30;79;-38;41;8;84;7;20;187;-;-;858;8;-;20;43;35;237;27;-15;164.2;2016-11-04
2016-12-31;66;-37;29;2;92;6;20;180;-;-;857;11;-;19;50;32;236;37;-23;164.2;2017-02-19
2017-03-31;69;-40;29;3;90;5;19;181;-;-;848;10;-;17;45;29;219;18;-17;165.3;2017-05-05
2017-06-30;60;-40;20;1;88;4;17;174;-;-;836;10;-;17;43;25;203;18;-17;165.3;2017-08-04
2017-09-30;62;-40;22;-1;80;5;18;172;-;-;838;11;-;17;46;22;202;15;-22;165.3;2017-11-04
2017-12-31;61;-39;22;-56;77;4;19;171;-;-;781;18;-;17;54;19;199;20;-19;165.3;2018-02-19
2018-03-31;59;-40;19;-6;212;4;18;305;-;-;919;15;-;33;69;126;322;10;-23;183.6;2018-05-05
2018-06-30;80;-59;20;-40;77;5;29;206;-;-;1,131;23;-;5;64;145;384;7;-26;183.6;2018-08-04
2018-09-30;89;-64;25;6;40;6;29;181;-;-;1,112;23;-;3;54;147;356;0;-34;183.6;2018-11-04
2018-12-31;74;-56;18;-165;40;5;33;166;-;-;926;26;-;4;58;148;332;16;-28;183.6;2019-02-19
2019-03-31;87;-59;28;3;92;6;27;189;-;-;968;18;-;5;58;150;334;33;-30;201.6;2019-05-05
2019-06-30;84;-63;21;-12;95;7;29;190;-;-;972;21;-;6;61;151;332;16;-27;201.6;2019-08-04
2019-09-30;97;-53;44;9;111;6;30;205;-;-;1,002;18;-;5;55;153;335;40;-30;201.6;2019-11-04
2019-12-31;97;-54;43;-40;161;4;31;243;-;-;1,028;24;-;8;72;155;366;51;-32;201.6;2020-02-19
2020-03-31;86;-64;22;-33;138;3;33;224;-;-;1,042;24;-;7;84;146;395;12;-32;215.8;2020-05-05
2020-06-30;35;-34;1;-10;91;2;44;193;-;-;1,02;12;-;17;79;139;375;-31;-16;215.8;2020-08-04
2020-09-30;126;-78;48;31;202;5;31;344;-;-;1,189;16;-;16;77;140;383;55;-33;215.8;2020-11-04
2020-12-31;117;-73;44;35;207;4;33;356;-;-;1,238;31;-;16;102;142;387;43;-34;215.8;2021-02-19
2021-03-31;101;-72;28;2;170;4;36;330;-;-;1,235;19;-;15;97;143;376;7;-44;244.7;2021-05-05
2021-06-30;154;-125;29;16;227;9;52;409;-;-;2,032;34;-;11;133;155;633;-17;-41;244.7;2021-08-04
2021-09-30;125;-121;4;-18;193;6;72;400;-;-;2,051;34;-;11;138;186;659;-12;-46;244.7;2021-11-04
2021-12-31;205;-165;40;-4;238;8;61;397;-;-;2,125;42;-;12;173;181;714;90;-58;244.7;2022-02-19
2022-03-31;157;-142;15;7;193;10;65;351;-;-;2,133;29;-;12;157;183;695;-19;-38;263.1;2022-05-05
2022-06-30;159;-148;12;-84;118;7;67;336;-;-;2,035;31;-;13;136;185;670;-18;-67;263.1;2022-08-04
2022-09-30;160;-156;3;-21;149;6;63;316;-;-;2,053;28;-;14;168;218;709;65;-56;263.1;2022-11-04
2022-12-31;148;-161;-13;-17;151;9;65;370;-;-;2,11;41;-;14;167;210;699;-15;-55;263.1;2023-02-19
2023-03-31;157;-158;-1;-101;105;7;71;325;-;-;1,984;34;-;17;141;212;653;-5;-49;277.2;2023-05-05
2023-06-30;147;-137;9;-18;160;5;58;363;-;-;2,014;36;-;17;126;214;638;20;-37;277.2;2023-08-04
2023-09-30;133;-120;13;-27;138;9;61;298;-;-;1,952;22;-;17;100;217;613;20;-34;277.2;2023-11-04
2023-12-31;137;-119;18;10;126;10;64;309;-;-;1,976;32;-;18;120;219;618;25;-26;277.2;2024-02-19