date;revenue;cogs;gross_profit;net_profit;cash;acc_rec;inventory;curr_assets;goodwill;intangible_assets;total_assets;acc_pay;short_term_debt;current_debt;curr_liab;long_term_debt;total_liab;cash_from_operating_activities;capex;shares;real_date
2000-03-31;18;-7;11;7;10;-;-;18;-;-;267;-;-;-;13;-;13;9;0;30.8;2000-05-10
2000-06-30;13;-6;7;4;6;-;-;13;-;-;260;-;-;-;9;-;9;7;0;30.8;2000-08-09
2000-09-30;13;-6;7;3;6;-;-;14;-;-;259;-;-;-;9;-;9;1;0;30.8;2000-11-09
2000-12-31;18;-7;11;7;-;-;-;15;-;-;258;-;-;2;9;-;10;6;0;30.8;2001-02-24
2001-03-31;21;-8;13;8;7;7;1;15;-;-;256;-;-;-;7;-;7;18;0;30.8;2001-05-10
2001-06-30;16;-8;8;5;8;6;2;17;-;-;254;-;-;-;7;-;7;8;0;30.8;2001-08-09
2001-09-30;14;-7;7;3;2;8;2;13;-;-;248;-;-;-;5;-;6;1;0;30.8;2001-11-09
2001-12-31;18;-8;10;5;-;12;1;14;-;-;247;-;-;-;9;-;9;6;0;30.8;2002-02-24
2002-03-31;21;-9;12;8;2;12;1;16;-;-;246;-;-;-;6;-;7;10;0;30.8;2002-05-10
2002-06-30;15;-7;7;4;2;9;2;14;-;-;243;-;-;-;7;-;8;8;0;30.8;2002-08-09
2002-09-30;16;-8;8;3;-;10;2;13;-;-;239;-;-;2;9;-;9;6;0;30.8;2002-11-09
2002-12-31;21;-8;13;5;2;20;2;27;-;-;326;-;-;2;18;80;98;8;-19;30.8;2003-02-24
2003-03-31;25;-10;15;7;34;15;2;55;-;-;347;-;-;1;15;35;50;14;0;37.8;2003-05-10
2003-06-30;20;-10;11;3;33;16;2;54;-;-;338;-;-;1;13;35;48;9;-1;37.8;2003-08-09
2003-09-30;22;-11;10;4;34;12;2;51;-;-;332;-;-;2;13;34;47;10;0;37.8;2003-11-09
2003-12-31;25;-10;15;5;13;9;2;28;-;-;435;-;-;2;14;34;48;8;-1;37.8;2004-02-24
2004-03-31;23;-10;13;11;11;11;2;27;-;-;433;-;-;2;13;33;46;12;0;47.9;2004-05-10
2004-06-30;21;-10;11;10;12;9;2;27;-;-;431;-;-;2;13;34;46;12;-;47.9;2004-08-09
2004-09-30;21;-10;11;1;22;12;2;45;-;-;488;-;-;2;17;98;114;6;-41;47.9;2004-11-09
2004-12-31;25;-10;15;5;19;22;2;73;-;-;576;-;-;4;18;191;209;17;-27;47.9;2005-02-24
2005-03-31;32;-13;19;17;25;14;2;66;-;-;572;-;-;4;23;177;200;25;-11;48.9;2005-05-10
2005-06-30;28;-12;15;10;16;16;2;53;-;-;566;-;-;5;28;167;194;12;-10;48.9;2005-08-09
2005-09-30;32;-13;19;5;18;13;2;38;-;-;548;-;-;5;16;149;168;13;-5;48.9;2005-11-09
2005-12-31;37;-13;23;12;14;23;6;48;-;18;549;-;-;5;19;148;170;6;0;48.9;2006-02-24
2006-03-31;36;-14;22;12;40;17;9;72;-;-;753;-;-;8;23;167;203;26;-;62.1;2006-05-10
2006-06-30;41;-17;24;4;24;14;9;53;-;-;743;-;-;8;21;166;200;18;-;62.1;2006-08-09
2006-09-30;41;-18;23;6;21;24;10;62;-;-;739;-;6;8;29;164;205;8;0;62.1;2006-11-09
2006-12-31;48;-18;30;13;13;30;10;60;-;143;731;-;-;9;30;158;199;18;0;62.1;2007-02-24
2007-03-31;52;-19;33;17;36;19;9;71;-;139;726;-;-;13;31;153;204;40;-;62.4;2007-05-10
2007-06-30;43;-18;25;-77;29;15;9;59;-;135;697;-;-;10;25;147;269;19;-;62.4;2007-08-09
2007-09-30;41;-18;23;2;20;25;10;64;-;131;684;-;2;10;27;147;271;6;0;62.4;2007-11-09
2007-12-31;49;-19;30;31;28;32;10;79;-;129;691;-;-;10;32;143;264;34;-;62.4;2008-02-24
2008-03-31;52;-20;32;16;27;31;4;70;-;125;682;-;-;10;25;138;257;22;-;62.4;2008-05-10
2008-06-30;45;-20;25;11;42;15;4;68;-;122;672;-;-;10;23;138;253;35;-;62.4;2008-08-09
2008-09-30;44;-21;23;15;45;12;5;71;-;118;665;-;-;10;24;133;248;26;-;62.4;2008-11-09
2008-12-31;51;-21;30;23;46;18;5;79;-;115;674;-;-;10;31;132;253;21;0;62.4;2009-02-24
2009-03-31;53;-21;32;17;42;20;4;75;-;111;667;-;-;11;27;127;246;23;-;83.5;2009-05-10
2009-06-30;45;-20;24;-3;42;18;4;73;-;108;650;-;-;11;26;127;249;19;0;83.5;2009-08-09
2009-09-30;38;-20;19;-5;31;29;5;79;88;312;1,556;-;-;12;82;642;923;6;-108;83.5;2009-11-09
2009-12-31;58;-23;35;26;116;71;5;203;116;260;1,695;-;-;41;105;683;989;16;-35;83.5;2010-02-24
2010-03-31;63;-25;38;-61;89;70;5;188;252;272;1,835;61;-;48;115;741;1,062;36;-37;72.1;2010-05-10
2010-06-30;78;-32;46;-37;103;70;8;209;122;254;1,693;-;-;50;119;740;1,013;32;-46;72.1;2010-08-09
2010-09-30;79;-34;45;-135;107;74;8;279;122;249;1,875;-;-;54;163;730;1,099;42;-129;72.1;2010-11-09
2010-12-31;93;-34;58;27;112;78;8;275;250;251;2,024;91;-;43;141;770;1,817;32;-123;72.1;2011-02-24
2011-03-31;96;-41;56;55;100;76;7;251;250;247;2,075;93;-;44;144;816;1,235;39;-94;110;2011-05-10
2011-06-30;80;-35;45;-24;99;67;7;205;250;244;2,103;94;-;47;148;844;1,291;35;-93;110;2011-08-09
2011-09-30;81;-38;43;-72;61;102;8;197;250;242;2,197;104;-;72;183;920;1,478;29;-115;110;2011-11-09
2011-12-31;99;-40;59;-23;50;121;7;205;242;217;2,254;101;8;76;192;975;1,574;24;-74;110;2012-02-24
2012-03-31;101;-34;66;50;68;108;7;218;242;223;2,294;79;5;90;184;1,029;1,586;53;-48;120;2012-05-10
2012-06-30;85;-31;54;-35;101;102;7;247;242;244;2,359;68;-;39;117;1,062;1,591;53;-55;120;2012-08-09
2012-09-30;83;-33;50;-22;56;113;8;237;242;202;2,452;81;-;41;132;1,164;1,726;11;-123;120;2012-11-09
2012-12-31;93;-33;60;-2;32;126;7;206;223;200;2,519;93;1;40;144;1,398;1,818;45;-138;120;2013-02-24
2013-03-31;106;-38;68;24;47;118;8;202;223;192;2,571;85;10;36;142;1,456;1,862;52;-76;133.5;2013-05-10
2013-06-30;124;-51;74;80;57;129;12;225;223;213;2,806;195;7;48;263;1,507;2,038;51;-171;133.5;2013-08-09
2013-09-30;152;-53;100;41;110;107;13;267;223;179;2,898;108;-;53;175;1,64;2,003;76;-99;133.5;2013-11-09
2013-12-31;174;-61;113;22;138;125;13;363;220;187;3,063;85;-;59;159;1,778;2,184;79;-73;133.5;2014-02-24
2014-03-31;229;-96;133;29;349;193;13;643;220;162;3,343;103;-;135;254;1,773;2,276;51;-61;146.8;2014-05-10
2014-06-30;170;-66;104;-92;519;127;14;717;220;213;4,135;130;-;76;221;2,342;3,188;166;-690;146.8;2014-08-09
2014-09-30;173;-62;111;-44;162;101;17;474;220;359;4,622;438;-;77;529;2,527;3,719;74;-646;146.8;2014-11-09
2014-12-31;188;-67;121;-70;193;84;16;354;219;348;4,999;230;-;241;523;2,875;4,168;75;-464;146.8;2015-02-24
2015-03-31;202;-71;130;-31;243;89;14;778;219;256;5,669;361;-;70;447;3,31;4,625;120;-333;167.6;2015-05-10
2015-06-30;167;-53;114;140;290;113;-;843;219;242;6,386;411;-;72;499;3,951;5,288;88;-637;167.6;2015-08-09
2015-09-30;188;-53;135;-91;197;118;-;896;219;249;7,356;556;-;76;652;4,674;6,334;118;-735;167.6;2015-11-09
2015-12-31;172;-49;123;9;152;119;14;593;207;257;7,366;237;-;79;417;4,986;6,373;73;-304;167.6;2016-02-24
2016-03-31;178;-49;129;-92;178;105;-;613;207;250;7,738;314;-;79;505;5,312;6,841;109;-455;172.9;2016-05-10
2016-06-30;177;-39;138;23;166;136;-;687;207;240;8,368;524;-;79;718;5,746;7,488;108;-720;172.9;2016-08-09
2016-09-30;266;-50;216;-32;230;98;-;560;207;240;8,573;323;-;82;508;6,131;7,742;159;-272;172.9;2016-11-09
2016-12-31;479;-56;423;291;308;158;16;672;207;234;8,663;231;-;115;482;6,097;7,729;344;-179;172.9;2017-02-24
2017-03-31;364;-41;323;100;325;173;-;807;207;233;8,853;233;-;116;476;6,25;7,879;277;-151;175.4;2017-05-10
2017-06-30;322;-39;284;62;397;196;-;995;207;238;9,173;150;-;341;626;6,435;8,197;142;-50;175.4;2017-08-09
2017-09-30;295;-30;265;32;361;221;-;1,072;207;575;9,814;240;-;146;508;7,1;8,869;173;-273;175.4;2017-11-09
2017-12-31;395;-30;365;82;401;272;-;1,012;205;584;10,281;345;-;396;889;6,996;9,335;258;-341;175.4;2018-02-24
2018-03-31;486;-32;455;178;443;346;-;1,146;205;607;10,774;260;-;637;1,037;7,198;9,739;306;-104;189.6;2018-05-10
2018-06-30;338;-24;315;69;455;227;-;996;205;584;10,374;196;-;497;841;7,083;9,359;343;-79;189.6;2018-08-09
2018-09-30;350;-29;321;93;315;290;-;928;205;568;10,119;224;-;487;834;6,886;9,071;193;-95;189.6;2018-11-09
2018-12-31;381;-30;351;65;278;275;-;1,051;205;581;10,336;198;-;429;782;7,046;9,264;291;-119;189.6;2019-02-24
2019-03-31;499;-40;459;204;362;329;-;1,108;205;554;10,231;286;-;416;833;6,808;9,118;308;-161;187.6;2019-05-10
2019-06-30;344;-22;322;76;289;203;-;914;205;547;10,259;277;-;576;1,011;6,695;9,207;341;-355;187.6;2019-08-09
2019-09-30;378;-23;356;111;303;279;-;1,337;205;527;10,533;268;-;571;1,304;6,684;9,507;242;-175;187.6;2019-11-09
2019-12-31;438;-32;406;61;268;295;-;1,278;205;521;10,479;193;-;718;1,398;6,497;9,415;334;-74;187.6;2020-02-24
2020-03-31;668;-49;619;275;629;486;-;1,479;705;559;12,009;313;-;889;1,357;7,392;10,61;368;-66;201.2;2020-05-10
2020-06-30;429;-44;386;74;409;362;-;1,058;695;539;11,442;238;-;875;1,284;6,816;9,875;365;-89;201.2;2020-08-09
2020-09-30;471;-53;418;109;487;423;-;1,199;677;543;11,56;299;-;744;1,199;7,028;10,032;278;-37;201.2;2020-11-09
2020-12-31;493;-57;436;27;435;372;-;1,077;709;533;11,399;253;-;608;1,06;6,98;9,824;310;-35;201.2;2021-02-24
2021-03-31;613;-64;549;151;550;455;-;1,218;641;499;11,129;294;-;587;1,034;6,735;9,513;409;-51;218.8;2021-05-10
2021-06-30;408;-41;368;-6;864;305;-;1,445;623;499;11,312;285;-;948;1,444;5,67;8,808;361;-95;218.8;2021-08-09
2021-09-30;432;-49;383;-5;533;383;-;1,261;779;501;12,831;495;-;1,15;1,897;6,579;10,368;280;-117;218.8;2021-11-09
2021-12-31;640;-60;580;130;674;383;-;1,415;753;498;12,877;505;-;677;1,405;6,957;10,12;559;-207;218.8;2022-02-24
2022-03-31;695;-59;636;288;1,204;381;-;2,011;776;509;13,316;499;-;658;1,413;7,031;10,126;409;-86;236.2;2022-05-10
2022-06-30;557;-72;485;268;943;475;-;1,874;743;484;13,105;571;-;676;1,461;6,407;9,559;350;-107;236.2;2022-08-09
2022-09-30;556;-72;484;76;1,534;416;-;2,524;731;470;14,006;743;-;656;1,643;6,482;9,933;523;-114;236.2;2022-11-09
2022-12-31;641;-68;574;324;1,3;398;-;2,349;713;516;14,223;1,002;-;784;1,909;6,178;9,831;551;-178;236.2;2023-02-24
2023-03-31;622;-53;569;107;978;332;-;1,741;729;497;14,027;594;-;796;1,6;6,205;9,55;297;-64;252.7;2023-05-10
2023-06-30;472;-44;427;22;1,004;292;-;1,786;764;478;14,186;486;-;850;1,583;6,385;9,752;204;-150;252.7;2023-08-09
2023-09-30;513;-55;458;43;721;302;-;1,492;784;462;14,647;428;-;953;1,635;6,774;10,195;148;-73;252.7;2023-11-09
2023-12-31;626;-60;566;-268;642;298;-;1,447;639;447;13,626;162;15;761;1,276;6,436;9,441;136;-155;252.7;2024-02-24
2024-03-31;755;-57;697;149;687;478;-;1,761;652;433;13,971;134;15;957;1,519;6,377;9,733;294;-211;255.5;2024-05-15
2024-06-30;529;-46;483;262;750;551;-;1,636;622;420;14,136;144;15;1,45;1,912;6,116;9,823;179;-246;256.7;2024-08-14