date;revenue;cogs;gross_profit;net_profit;cash;acc_rec;inventory;curr_assets;goodwill;intangible_assets;total_assets;acc_pay;short_term_debt;current_debt;curr_liab;long_term_debt;total_liab;cash_from_operating_activities;capex;shares;real_date
2000-06-30;37;-24;13;2;29;60;15;107;-;23;154;15;-;-;30;-;31;-3;-1;23.7;2000-08-09
2000-09-30;40;-27;12;2;20;67;17;109;-;22;151;13;-;-;25;-;26;-9;0;23.7;2000-11-09
2000-12-31;43;-30;14;3;25;59;22;121;-;23;163;19;-;-;33;-;33;3;-2;23.7;2001-02-09
2001-03-31;45;-32;13;3;18;64;23;120;-;26;169;20;-;-;35;-;37;2;-7;23.7;2001-05-30
2001-06-30;49;-34;15;3;18;61;27;121;-;25;171;18;-;-;33;-;34;4;-4;24.23;2001-08-09
2001-09-30;50;-34;16;1;13;68;32;121;-;38;193;18;6;-;44;-;46;11;-10;24.23;2001-11-09
2001-12-31;50;-34;16;2;5;74;29;118;-;36;206;20;17;-;53;-;56;-6;-7;24.23;2002-02-09
2002-03-31;47;-35;13;-3;6;80;30;126;19;44;239;16;10;-;44;-;47;-14;-4;24.23;2002-05-30
2002-06-30;43;-29;14;-2;8;80;34;132;19;42;245;20;18;-;50;-;54;-2;-6;26.015;2002-08-09
2002-09-30;40;-32;8;-4;8;74;31;127;19;40;240;18;18;-;50;-;53;5;-4;26.015;2002-11-09
2002-12-31;49;-40;9;-3;4;81;33;136;19;38;245;24;14;-;57;-;59;4;-4;26.015;2003-02-09
2003-03-31;54;-40;14;-1;4;81;30;125;19;35;237;22;10;-;51;-;53;6;-3;26.015;2003-05-30
2003-07-01;59;-43;16;0;6;86;32;139;19;34;246;24;8;-;58;-;61;4;-1;27.56;2003-08-10
2003-10-01;64;-48;17;2;11;87;29;144;19;32;249;20;6;-;59;-;61;9;-3;27.56;2003-11-10
2004-01-01;72;-52;20;7;20;89;27;152;19;30;254;26;-;-;55;-;58;18;-3;27.56;2004-02-10
2004-04-01;83;-64;20;4;19;111;30;174;19;28;273;33;-;-;67;-;70;-2;-2;27.56;2004-05-31
2004-07-01;84;-63;21;4;19;113;30;177;19;26;274;35;-;-;61;-;65;1;-2;28.15;2004-08-10
2004-10-01;83;-63;20;4;11;126;31;187;19;24;281;37;-;-;64;-;69;-3;-5;28.15;2004-11-10
2004-12-31;88;-69;20;5;9;138;36;202;19;23;294;40;-;-;70;-;74;-2;-2;28.15;2005-02-09
2005-04-01;91;-68;23;7;15;141;37;210;19;21;302;39;-;-;71;-;76;8;-2;28.15;2005-05-31
2005-07-01;100;-76;24;5;19;155;36;222;19;19;314;41;-;-;77;-;82;7;-4;28.86;2005-08-10
2005-09-30;104;-78;26;6;28;158;36;234;19;18;327;42;-;-;81;-;88;12;-4;28.86;2005-11-09
2005-12-31;112;-84;28;7;22;157;40;233;28;26;345;44;-;-;85;-;93;11;-5;28.86;2006-02-09
2006-03-31;118;-88;30;6;37;145;50;245;28;24;363;51;-;-;92;-;100;22;-11;28.86;2006-05-30
2006-06-30;129;-98;31;5;46;151;49;261;49;28;407;45;-;-;104;-;116;8;-2;30.89;2006-08-09
2006-09-30;132;-97;34;7;47;164;45;274;49;26;416;53;-;-;104;-;116;6;-6;30.89;2006-11-09
2006-12-31;124;-90;34;10;77;155;51;300;49;23;443;45;-;-;115;-;127;29;-4;30.89;2007-02-09
2007-03-31;132;-94;38;9;103;140;46;308;66;38;484;44;-;-;121;-;135;24;-3;30.89;2007-05-30
2007-06-30;129;-96;32;4;113;132;44;313;66;31;490;45;-;-;103;-;126;16;-1;32.22;2007-08-09
2007-09-30;147;-105;42;9;128;133;47;336;67;31;512;53;-;-;112;-;135;22;-8;32.22;2007-11-09
2007-12-31;152;-106;46;11;121;147;56;373;67;29;543;53;-;-;134;-;153;8;-4;32.22;2008-02-09
2008-03-31;147;-107;41;11;125;155;60;375;66;30;551;52;-;-;127;-;147;2;-12;32.22;2008-05-30
2008-06-30;153;-108;45;6;111;152;58;353;66;27;541;51;-;-;104;-;126;0;-13;31.88;2008-08-09
2008-10-01;159;-116;44;9;91;158;60;345;66;24;563;55;-;-;112;-;135;18;-39;31.88;2008-11-10
2009-03-01;150;-106;45;11;64;166;62;332;66;23;585;53;-;-;120;-;143;13;-41;31.88;2009-04-10
2009-04-01;166;-118;48;12;63;164;66;340;65;21;623;63;-;-;135;-;164;30;-32;31.88;2009-05-31
2009-07-01;158;-112;47;8;104;184;68;402;65;21;703;51;80;-;196;-;225;-5;-35;34.84;2009-08-10
2009-10-01;161;-112;49;9;84;207;67;408;65;22;739;58;-;-;140;80;248;6;-27;34.84;2009-11-10
2010-01-01;156;-110;46;3;67;186;80;394;74;107;1,254;67;-;-;167;412;614;57;-34;34.84;2010-02-10
2010-04-01;213;-142;71;10;90;176;83;395;75;106;1,294;78;-;-;180;332;541;55;-53;34.84;2010-05-31
2010-07-01;192;-134;58;3;57;162;88;345;75;106;1,272;73;-;-;171;302;502;39;-45;43.06;2010-08-10
2010-10-01;198;-130;68;8;54;172;88;355;83;91;1,334;73;-;-;182;319;536;57;-73;43.06;2010-11-10
2010-12-31;196;-137;59;13;45;176;96;359;83;95;1,356;55;-;1;178;324;536;27;-45;43.06;2011-02-09
2011-04-01;216;-150;67;12;40;192;99;371;84;115;1,406;72;-;1;204;334;566;46;-61;43.06;2011-05-31
2011-07-01;195;-142;54;2;26;177;124;370;84;77;1,414;65;-;1;181;349;559;9;-41;44.23;2011-08-10
2011-09-30;223;-162;61;8;36;198;122;419;83;72;1,526;66;-;1;184;444;657;15;-101;44.23;2011-11-09
2011-12-31;205;-147;58;5;46;184;130;431;83;67;1,58;63;-;1;204;444;697;41;-35;44.23;2012-02-09
2012-03-31;241;-186;55;-7;173;212;128;564;83;63;1,727;75;-;1;235;549;839;76;-53;44.23;2012-05-30
2012-06-30;242;-188;54;-15;130;222;138;542;83;59;1,722;76;-;1;225;548;832;1;-43;43.93;2012-08-09
2012-09-30;283;-217;66;-8;136;232;133;556;84;55;1,743;81;-;1;236;548;846;41;-44;43.93;2012-11-09
2012-12-31;286;-211;75;-21;113;238;126;534;84;51;1,749;77;-;1;218;585;865;7;-52;43.93;2013-02-09
2013-03-31;309;-232;76;2;106;267;106;545;83;47;1,794;83;-;2;247;586;891;43;-63;43.93;2013-05-30
2013-06-30;321;-235;86;-2;80;261;126;532;83;127;1,837;121;-;2;268;586;912;54;-85;45.74;2013-08-09
2013-10-01;354;-262;92;2;67;273;128;530;83;131;1,9;126;-;2;283;620;961;49;-98;45.74;2013-11-10
2014-01-01;333;-243;90;-6;41;283;126;519;83;137;1,929;112;-;2;270;670;997;32;-96;45.74;2014-02-10
2014-04-01;344;-251;93;-4;58;272;120;531;84;142;1,96;99;-;2;276;690;1,019;70;-74;45.74;2014-05-31
2014-07-01;320;-238;82;-6;58;279;129;541;118;170;2,056;86;-;2;252;789;1,094;47;-98;48.28;2014-08-10
2014-10-01;359;-242;117;24;42;280;127;526;118;172;2,015;74;-;1;245;724;1,018;112;-64;48.28;2014-11-10
2015-01-01;340;-234;106;15;98;268;129;577;117;173;2,153;82;-;1;269;819;1,134;113;-149;48.28;2015-02-10
2015-04-01;365;-251;114;7;52;266;128;491;117;179;2,158;77;-;-;268;806;1,12;78;-109;48.28;2015-05-31
2015-06-30;344;-243;101;2;42;295;127;570;118;192;2,203;73;-;-;227;861;1,133;18;-83;49.44;2015-08-09
2015-09-30;353;-241;113;5;46;305;123;584;117;197;2,246;80;-;-;251;859;1,154;90;-87;49.44;2015-11-09
2015-12-31;348;-238;110;10;64;260;141;581;117;203;2,336;82;-;-;249;937;1,227;112;-166;49.44;2016-02-09
2016-03-31;372;-263;110;4;42;287;145;522;117;214;2,397;96;-;-;280;946;1,268;77;-115;49.44;2016-05-30
2016-06-30;363;-248;115;2;47;263;156;519;117;224;2,491;94;-;-;251;1,034;1,329;62;-142;53.40;2016-08-09
2016-09-30;399;-271;128;11;51;276;152;529;116;233;2,583;98;-;-;284;1,06;1,389;130;-157;53.40;2016-11-09
2016-12-31;381;-256;125;5;285;255;158;752;120;258;2,883;79;-;-;278;847;1,172;121;-148;53.40;2017-02-09
2017-03-31;416;-274;142;4;130;264;163;615;120;262;2,955;100;-;-;325;848;1,22;99;-140;53.40;2017-05-30
2017-06-30;380;-261;120;-9;161;215;178;620;120;268;3,079;84;-;19;307;831;1,251;154;-128;58.44;2017-08-09
2017-09-30;393;-269;124;-14;243;252;181;749;121;278;3,288;101;-;23;331;996;1,443;32;-116;58.44;2017-11-09
2017-12-31;382;-264;118;-13;162;228;182;648;121;289;3,316;115;-;46;387;976;1,482;97;-166;58.44;2018-02-09
2018-03-31;440;-327;112;-26;71;268;196;613;121;295;3,414;157;-;45;466;978;1,577;76;-175;58.44;2018-05-30
2018-06-30;439;-345;94;-36;55;236;220;614;122;292;3,544;150;-;45;447;1,073;1,662;54;-159;59.94;2018-08-09
2018-09-30;518;-392;125;-26;44;269;232;785;123;288;3,63;165;-;48;464;1,152;1,755;58;-196;59.94;2018-11-09
2018-12-31;555;-403;152;-11;43;295;230;683;122;286;3,63;161;-;22;475;1,137;1,749;103;-169;59.94;2019-02-09
2019-03-31;557;-398;159;5;262;300;235;887;122;290;3,915;157;-;20;486;1,393;2,008;113;-163;59.94;2019-05-30
2019-06-30;537;-385;153;-11;130;304;264;805;122;297;4,262;146;-;20;491;1,383;2,299;47;-188;61.63;2019-08-09
2019-09-30;592;-410;182;7;87;294;270;756;121;295;4,367;142;-;30;502;1,444;2,376;137;-177;61.63;2019-11-09
2019-12-31;588;-404;184;9;48;316;283;749;122;297;4,514;152;-;30;538;1,543;2,507;110;-233;61.63;2020-02-09
2020-03-31;592;-411;181;5;304;331;294;1,045;121;296;4,884;184;-;30;605;1,822;2,856;144;-163;61.63;2020-05-30
2020-06-30;531;-386;145;-9;232;270;313;921;121;304;4,904;176;-;29;565;1,816;2,831;157;-229;68.53;2020-08-09
2020-09-30;554;-387;167;4;350;250;333;1,041;122;303;5,203;169;-;32;624;1,815;2,923;177;-231;68.53;2020-11-09
2020-12-31;576;-391;184;7;317;203;335;967;122;303;5,249;122;-;34;642;1,804;2,93;224;-243;68.53;2021-02-09
2021-03-31;261;-192;69;-69;296;239;337;992;122;300;5,349;145;-;30;708;1,803;2,998;170;-183;68.53;2021-05-30
2021-06-30;571;-395;176;-6;276;364;350;1,133;182;554;5,995;204;-;30;744;2,112;3,374;65;-261;73.39;2021-08-09
2021-09-30;609;-434;175;-21;218;369;348;1,066;191;532;5,993;193;-;30;734;2,111;3,358;163;-214;73.39;2021-11-09
2021-12-31;625;-444;181;-30;166;363;354;1,028;191;524;6,087;251;-;30;787;2,149;3,452;159;-237;73.39;2022-02-09
2022-03-31;607;-436;171;-46;310;359;342;1,159;190;520;6,389;219;-;35;770;2,451;3,755;119;-278;73.39;2022-05-30
2022-06-30;575;-418;157;-39;222;372;362;1,129;187;509;6,483;247;-;38;726;2,59;3,83;40;-271;76.91;2022-08-09
2022-09-30;664;-442;222;-70;149;320;244;1,146;162;500;6,51;245;-;39;804;2,647;3,914;189;-284;76.91;2022-11-09
2022-12-31;651;-483;168;-45;182;369;261;1,253;166;502;6,802;300;-;41;851;2,899;4,213;90;-296;76.91;2023-02-09
2023-03-31;666;-492;174;-59;1,349;420;269;2,245;159;497;7,73;272;-;38;957;2,422;3,906;50;-314;76.91;2023-05-30
2023-06-30;780;-545;235;-78;1,959;631;336;3,427;1,592;2,847;17,898;378;-;60;1,472;7,218;11,958;104;-375;124.05;2023-08-09
2023-09-30;1,225;-766;459;-765;1,962;664;346;4,06;1,376;3,074;17,072;389;-;63;1,55;7,228;11,882;219;-366;124.53;2023-11-09
2023-12-31;1,129;-767;361;-122;1,571;676;354;3,686;1,614;3,112;16,651;315;-;63;1,377;7,223;11,548;134;-421;125.32;2024-02-09