date;revenue;cogs;gross_profit;net_profit;cash;acc_rec;inventory;curr_assets;goodwill;intangible_assets;total_assets;acc_pay;short_term_debt;current_debt;curr_liab;long_term_debt;total_liab;cash_from_operating_activities;capex;shares;real_date
2010-03-31;29;-13;16;5;22;24;10;57;-;5;67;7;-;-;17;-;20;-6;-3;168.74;2010-04-20
2010-06-30;42;-20;22;9;29;28;14;73;-;5;83;8;-;-;34;-;37;9;-2;168.74;2010-07-14
2010-09-30;35;-19;16;6;30;23;16;71;-;5;81;8;-;-;25;-;29;11;-1;168.74;2010-10-20
2010-12-31;35;-18;17;6;32;26;23;81;-;4;92;10;-;-;31;-;34;3;0;168.74;2011-02-04
2011-03-31;33;-18;15;5;20;30;28;81;-;4;91;7;-;-;25;-;28;-12;-1;167.62;2011-04-20
2011-06-30;38;-22;17;5;25;33;28;89;-;3;99;8;-;-;39;-;43;6;-1;167.62;2011-07-14
2011-09-30;38;-20;18;7;13;37;25;78;-;3;87;5;-;-;25;-;28;6;0;167.62;2011-10-20
2011-12-31;29;-15;15;2;24;22;25;73;-;2;85;3;-;6;25;-;38;12;0;167.62;2012-02-04
2012-03-31;32;-15;17;5;23;25;22;73;-;3;84;6;-;3;20;-;31;3;-1;163.40;2012-04-20
2012-06-30;39;-19;20;7;24;32;19;78;-;3;89;6;-;-;18;-;29;5;-1;163.40;2012-07-14
2012-09-30;34;-17;17;5;28;33;19;83;-;4;95;6;-;-;19;-;29;6;-2;163.40;2012-10-20
2012-12-31;28;-15;13;1;40;26;12;80;-;5;94;2;-;-;19;-;28;17;-2;163.40;2013-02-04
2013-03-31;25;-13;12;0;32;24;13;74;-;8;90;5;-;-;19;-;27;-1;-4;161.27;2013-04-20
2013-06-30;29;-15;14;2;19;29;19;71;-;9;92;9;-;-;18;-;27;-7;-6;161.27;2013-07-14
2013-09-30;35;-18;17;4;28;24;19;75;-;9;97;6;-;-;19;-;27;11;-2;161.27;2013-10-20
2013-12-31;36;-17;19;3;26;30;21;80;-;11;103;6;-;-;21;-;32;0;-2;161.27;2014-02-04
2014-03-31;31;-15;16;1;34;27;24;88;-;12;112;9;-;-;22;-;32;4;-3;162.38;2014-04-20
2014-06-30;41;-21;20;4;19;39;25;87;-;12;111;8;-;8;26;-;36;-10;-2;162.38;2014-07-14
2014-09-30;49;-26;23;5;24;41;21;89;-;12;113;9;-;-;21;-;30;15;-2;162.38;2014-10-20
2014-12-31;45;-22;23;6;34;39;25;101;-;11;127;13;-;-;31;-;42;11;-1;162.38;2015-02-04
2015-03-31;40;-19;21;3;25;40;38;108;-;15;140;13;-;-;35;-;46;-9;-6;163.08;2015-04-20
2015-06-30;53;-27;25;7;25;54;40;125;-;19;162;15;-;10;50;-;61;-3;-6;163.08;2015-07-14
2015-09-30;54;-28;26;8;29;53;51;136;-;21;175;15;-;10;53;-;63;11;-5;163.08;2015-10-20
2015-12-31;47;-23;23;6;29;49;41;123;-;22;158;6;-;10;45;-;46;5;-3;163.08;2016-02-04
2016-03-31;40;-20;20;-1;39;36;40;120;-;22;155;10;-;10;43;-;44;11;-2;163.32;2016-04-20
2016-06-30;53;-28;25;4;24;54;37;121;-;26;160;12;-;10;43;-;44;-10;-6;163.32;2016-07-14
2016-09-30;52;-28;24;3;29;53;37;123;-;26;165;13;-;-;36;10;47;11;-5;163.32;2016-10-20
2016-12-31;53;-28;24;1;21;55;52;133;-;26;175;15;-;-;37;20;58;-13;-3;163.32;2017-02-04
2017-03-31;47;-25;22;0;28;42;48;123;-;30;168;10;-;-;32;20;52;13;-6;161.93;2017-04-20
2017-06-30;59;-31;27;4;23;48;48;125;-;31;172;10;-;-;31;20;52;0;-5;161.93;2017-07-14
2017-09-30;66;-34;31;4;26;57;47;135;-;32;182;15;-;-;38;20;58;6;-3;161.93;2017-10-20
2017-12-31;64;-34;31;0;37;49;44;137;-;34;185;13;-;-;40;20;60;16;-5;161.93;2018-02-04
2018-03-31;60;-31;29;0;32;54;46;139;-;37;189;17;-;-;44;20;64;1;-5;179.45;2018-04-20
2018-06-30;71;-36;35;4;107;56;46;216;-;39;270;17;-;-;42;-;42;5;-9;179.45;2018-07-14
2018-09-30;79;-39;40;7;95;77;44;223;-;41;280;15;-;-;44;-;45;-4;-8;179.45;2018-10-20
2018-12-31;61;-30;31;-3;104;52;43;205;-;43;267;10;-;-;45;-;46;29;-8;179.45;2019-02-04
2019-03-31;53;-26;27;-7;98;48;43;197;-;43;282;11;-;3;49;-;67;2;-7;176.39;2019-04-20
2019-06-30;71;-34;36;4;88;58;44;199;-;45;288;16;-;4;50;-;69;-1;-8;176.39;2019-07-14
2019-09-30;82;-41;41;6;87;65;47;207;-;45;302;18;-;5;57;-;77;9;-8;176.39;2019-10-20
2019-12-31;83;-40;43;4;91;65;53;220;-;45;318;20;-;4;66;-;86;10;-8;176.39;2020-02-04
2020-03-31;70;-34;36;-1;124;59;57;250;-;46;348;15;-;44;97;-;113;1;-6;194.70;2020-04-20
2020-06-30;89;-43;46;6;124;63;63;259;-;44;359;15;-;44;98;-;117;5;-7;194.70;2020-07-14
2020-09-30;119;-55;65;16;215;96;64;382;-;44;480;19;-;4;74;-;94;9;-4;194.70;2020-10-20
2020-12-31;127;-60;67;18;243;88;62;402;2;54;516;23;-;6;92;-;113;50;-7;194.70;2021-02-04
2021-03-31;143;-71;72;13;197;135;61;404;2;52;515;26;-;6;90;-;109;-27;-7;193.04;2021-04-20
2021-06-30;148;-72;75;17;227;126;45;413;2;52;528;24;-;7;94;-;113;55;-12;193.04;2021-07-14
2021-09-30;148;-70;79;14;246;131;52;440;2;50;552;26;-;6;103;-;121;25;-5;193.04;2021-10-20
2021-12-31;171;-70;101;27;279;142;55;488;2;47;597;28;-;6;124;-;139;42;-7;193.04;2022-02-04
2022-03-31;183;-74;109;34;304;154;63;534;2;45;639;30;-;6;131;-;146;32;-6;192.74;2022-04-20
2022-06-30;200;-89;111;33;320;187;64;586;2;44;687;38;-;5;150;-;163;30;-6;192.74;2022-07-14
2022-09-30;202;-86;116;24;353;183;89;639;2;41;737;42;-;5;177;-;189;45;-9;192.74;2022-10-20
2022-12-31;191;-90;101;31;379;175;102;674;2;38;776;34;-;6;177;-;193;36;-9;192.74;2023-02-04
2023-03-31;145;-68;78;3;233;176;127;554;10;40;764;36;-;6;158;-;172;-130;-9;192.79;2023-04-20
2023-06-30;154;-72;82;16;252;158;148;579;10;43;806;41;-;78;169;-;197;32;-11;193.35;2023-07-14
2023-09-30;135;-67;68;1;229;160;158;566;10;45;791;36;-;9;151;-;179;-13;-8;193.35;2023-10-20
2023-12-31;108;-52;56;-12;291;133;163;609;11;58;862;12;-;10;114;-;260;-18;-20;193.35;2024-02-04
2024-03-31;75;-39;36;-33;235;103;198;561;11;59;820;14;-;10;105;-;246;-35;-6;193.75;2024-04-22
2024-06-30;128;-74;54;-15;258;106;170;558;11;59;817;23;-;10;113;-;255;32;-5;194.87;2024-08-05