date;revenue;cogs;gross_profit;net_profit;cash;acc_rec;inventory;curr_assets;goodwill;intangible_assets;total_assets;acc_pay;short_term_debt;current_debt;curr_liab;long_term_debt;total_liab;cash_from_operating_activities;capex;shares;real_date
2001-09-30;31;-2;29;8;36;38;-;79;4;65;167;17;0;-;25;15;51;17;-2;103.32;2001-10-25
2001-12-31;41;-2;39;14;30;58;-;92;4;97;212;44;0;-;56;15;80;-6;0;103.32;2002-02-09
2002-03-31;27;-1;26;9;35;43;-;80;4;96;202;21;0;-;32;13;57;7;-;106;2002-05-10
2002-06-30;4;0;4;1;20;46;-;68;18;100;208;16;0;-;28;13;50;-3;-;106;2002-08-09
2002-09-30;21;0;21;0;16;48;-;67;17;118;218;19;0;-;33;14;54;-2;0;106;2002-10-25
2002-12-31;28;-1;27;4;18;58;-;81;17;118;230;15;7;-;44;14;60;-4;0;106;2003-02-09
2003-03-31;31;0;30;8;18;44;-;68;16;121;218;17;0;-;30;8;43;12;0;105.92;2003-05-10
2003-06-30;28;0;28;6;19;42;-;66;15;126;220;17;0;-;24;9;40;1;0;105.92;2003-08-09
2003-09-30;32;-1;31;5;20;47;-;72;15;128;226;19;0;-;28;6;41;3;0;105.92;2003-10-25
2003-12-31;46;-1;45;10;18;66;-;88;16;133;250;29;1;-;39;6;54;2;0;105.92;2004-02-09
2004-03-31;29;0;28;5;28;41;-;73;16;148;248;24;0;-;33;4;45;12;0;107.48;2004-05-10
2004-06-30;41;-2;39;8;47;58;-;112;15;157;295;22;0;-;27;44;84;-19;0;107.48;2004-08-09
2004-09-30;43;0;43;9;46;65;-;117;21;161;314;23;0;-;33;44;94;10;-1;107.48;2004-10-25
2004-12-31;58;-1;57;16;62;87;-;154;20;149;345;23;0;-;45;50;106;102;-89;107.48;2005-02-09
2005-03-31;39;0;39;9;97;58;-;159;20;152;351;19;0;-;30;47;92;45;-20;104.54;2005-05-10
2005-06-30;55;0;55;15;110;76;-;189;20;151;379;28;0;-;43;46;107;28;-13;104.54;2005-08-09
2005-09-30;71;0;71;21;122;92;-;219;20;156;418;28;0;-;46;46;118;39;-34;104.54;2005-10-25
2005-12-31;75;0;75;20;134;126;-;264;20;161;465;33;-;-;74;44;144;39;-30;104.54;2006-02-09
2006-03-31;90;-2;88;33;216;73;-;294;27;166;509;32;-;-;74;46;148;115;-30;106.40;2006-05-10
2006-06-30;83;0;82;30;193;110;-;318;27;173;541;39;-;-;64;48;148;13;-35;106.40;2006-08-09
2006-09-30;100;-1;99;38;219;110;-;341;27;188;577;38;-;-;64;46;152;77;-48;106.40;2006-10-25
2006-12-31;124;-4;120;50;48;150;-;429;28;199;681;51;-;-;119;48;204;81;-30;106.40;2007-02-09
2007-03-31;95;-1;95;34;330;105;-;440;28;208;710;42;-;-;107;49;195;98;-44;106.09;2007-05-10
2007-06-30;89;-7;82;25;37;121;-;380;48;259;729;47;-;-;106;51;200;38;-34;106.09;2007-08-09
2007-09-30;100;-11;90;27;59;128;-;398;51;264;756;57;-;-;127;55;234;79;-46;106.09;2007-10-25
2007-12-31;168;-12;157;49;82;213;-;500;46;265;853;84;-;-;191;56;285;55;-27;106.09;2008-02-09
2008-03-31;105;-10;96;29;147;97;-;475;45;297;865;71;-;-;172;59;269;152;-76;106.52;2008-05-10
2008-06-30;134;-4;130;38;109;176;-;487;45;346;910;74;59;-;241;-;280;28;-90;106.52;2008-08-09
2008-09-30;171;-20;151;-11;116;230;-;480;45;377;935;105;51;-;281;-;319;61;-50;106.52;2008-10-25
2008-12-31;172;-3;169;59;148;234;-;497;45;379;954;92;43;-;238;-;293;110;-73;106.52;2009-02-09
2009-03-31;71;0;70;13;229;144;-;439;45;410;920;63;45;-;188;-;244;96;-50;104.06;2009-05-10
2009-06-30;124;-1;123;40;185;222;-;467;45;438;973;105;-;-;200;-;254;44;-53;104.06;2009-08-09
2009-09-30;125;-4;121;50;172;295;-;506;46;526;1,104;119;-;-;205;-;279;109;-80;104.06;2009-10-25
2009-12-31;158;-3;155;59;243;327;-;611;45;459;1,144;138;-;-;232;-;304;77;-66;104.06;2010-02-09
2010-03-31;148;-1;147;42;282;292;-;615;46;484;1,175;124;-;-;226;-;296;106;-66;103.49;2010-05-10
2010-06-30;112;-1;112;19;172;295;-;506;46;526;1,104;119;-;-;205;-;279;74;-109;103.49;2010-08-09
2010-09-30;130;0;130;38;210;298;-;543;46;529;1,145;121;-;-;203;-;286;109;-65;103.49;2010-10-25
2010-12-31;178;-3;175;57;290;285;-;603;46;499;1,217;113;-;-;208;-;308;119;-37;103.49;2011-02-09
2011-03-31;132;-4;128;42;336;252;-;632;86;558;1,333;101;-;-;218;-;360;138;-52;103.42;2011-05-10
2011-06-30;136;-4;133;43;288;210;-;531;86;534;1,226;88;-;-;205;-;328;93;-47;103.42;2011-08-09
2011-09-30;160;-5;154;42;222;294;-;567;112;699;1,447;135;-;-;311;-;445;66;-79;103.42;2011-10-25
2011-12-31;181;0;180;44;336;252;-;632;86;558;1,333;101;-;-;218;-;360;189;-118;103.42;2012-02-09
2012-03-31;191;0;191;63;421;264;-;727;86;584;1,448;119;-;-;279;-;409;147;-67;103.43;2012-05-10
2012-06-30;215;0;214;64;222;294;-;567;112;699;1,447;135;-;-;311;-;445;144;-178;103.43;2012-08-09
2012-09-30;245;-1;243;73;205;365;-;612;113;732;1,523;145;-;-;307;-;440;129;-150;103.43;2012-10-25
2012-12-31;281;-5;276;84;339;411;-;801;87;707;1,661;202;-;-;375;-;493;243;-113;103.43;2013-02-09
2013-03-31;211;-16;195;60;412;304;-;764;86;762;1,681;161;-;-;324;-;452;179;-107;103.52;2013-05-10
2013-06-30;210;-2;208;68;172;374;-;580;85;792;1,53;158;-;-;309;-;374;34;-131;103.52;2013-08-09
2013-09-30;191;0;191;56;187;402;-;620;86;828;1,61;168;-;-;318;-;394;118;-104;103.52;2013-10-25
2013-12-31;271;-2;270;84;281;407;-;731;85;805;1,736;161;-;-;342;-;443;213;-119;103.52;2014-02-09
2014-03-31;222;-2;220;68;366;314;-;718;84;844;1,768;137;-;-;317;-;412;221;-136;103.18;2014-05-10
2014-06-30;205;0;204;61;208;351;-;607;85;871;1,686;141;-;-;321;-;406;66;-101;103.18;2014-08-09
2014-09-30;190;0;190;55;264;328;-;629;84;878;1,71;121;-;-;317;-;392;187;-104;103.18;2014-10-25
2014-12-31;298;-1;297;32;256;477;-;778;67;827;1,768;163;-;-;393;-;429;131;-123;103.18;2015-02-09
2015-03-31;172;-1;171;29;352;262;-;664;67;885;1,686;118;-;-;282;-;321;260;-153;102.14;2015-05-10
2015-06-30;140;0;140;24;176;257;-;484;67;928;1,546;90;-;-;234;-;269;86;-164;102.14;2015-08-09
2015-09-30;169;0;169;40;191;288;-;519;67;985;1,63;129;-;-;273;-;311;121;-73;102.14;2015-10-25
2015-12-31;132;0;131;-122;163;278;-;471;68;848;1,455;98;-;-;218;-;258;99;-120;102.14;2016-02-09
2016-03-31;64;0;64;-20;210;153;-;399;68;840;1,364;70;-;-;168;-;201;145;-85;102.14;2016-05-10
2016-06-30;114;-1;114;17;162;224;-;417;68;833;1,375;79;-;-;171;-;208;9;-45;102.14;2016-08-09
2016-09-30;113;-5;108;2;173;241;-;449;68;826;1,397;94;-;-;198;-;242;91;-64;102.14;2016-10-25
2016-12-31;165;0;165;29;191;320;-;544;68;821;1,477;117;-;-;262;-;307;79;-48;102.14;2017-02-09
2017-03-31;86;0;86;2;248;186;-;467;68;829;1,405;92;-;-;192;3;242;185;-114;102.35;2017-05-10
2017-06-30;108;0;107;10;239;232;-;508;68;821;1,426;101;-;-;227;3;265;53;-44;102.35;2017-08-09
2017-09-30;142;0;142;9;205;239;-;477;68;847;1,418;120;-;-;223;3;261;86;-107;102.35;2017-10-25
2017-12-31;157;0;157;55;250;255;-;524;68;808;1,424;101;-;-;195;3;224;137;-83;102.35;2018-02-09
2018-03-31;99;0;99;-3;302;235;-;557;68;857;1,506;45;-;-;367;3;382;103;-35;102.65;2018-05-10
2018-06-30;108;0;108;24;338;204;-;580;68;869;1,538;45;-;-;397;3;406;128;-74;102.65;2018-08-09
2018-09-30;133;0;133;33;322;241;-;598;68;911;1,597;40;-;-;438;3;453;96;-88;102.65;2018-10-25
2018-12-31;264;0;263;135;274;306;-;611;68;879;1,582;40;-;-;296;3;349;63;-93;102.65;2019-02-09
2019-03-31;100;-1;99;4;390;196;-;626;68;844;1,596;1;-;-;314;3;368;209;-68;118.91;2019-05-10
2019-06-30;105;0;105;-2;354;319;-;736;68;868;1,727;33;-;-;475;3;545;60;-56;118.91;2019-08-09
2019-09-30;162;0;162;40;265;505;-;838;288;1,136;2,356;21;-;-;764;3;836;71;-113;118.91;2019-10-25
2019-12-31;219;-1;218;70;323;324;-;717;288;1,105;2,2;108;-;-;590;3;654;222;-119;118.91;2020-02-09
2020-03-31;52;-2;50;-30;248;299;-;627;288;1,177;2,198;130;-;-;709;3;745;146;-153;117.30;2020-05-10
2020-06-30;66;-1;65;-78;198;246;-;563;288;1,141;2,162;127;-;-;736;3;798;98;-130;117.30;2020-08-09
2020-09-30;58;-1;57;-70;180;276;-;530;288;1,08;2,091;115;-;-;740;3;817;62;-62;117.30;2020-10-25
2020-12-31;183;-3;181;11;196;277;-;565;288;983;2,009;78;3;13;666;-;740;48;-47;117.30;2021-02-09
2021-03-31;142;-1;141;13;254;160;-;502;288;932;1,886;45;-;14;546;-;621;112;-25;117.44;2021-05-10
2021-06-30;72;-1;71;-16;223;182;-;507;304;918;1,892;65;-;11;586;-;662;46;-25;117.44;2021-08-09
2021-09-30;200;-1;199;4;198;158;-;452;304;830;1,755;100;-;11;442;-;544;50;-51;117.44;2021-10-25
2021-12-31;105;-8;96;-77;215;146;-;435;304;730;1,63;72;-;11;447;-;514;110;-84;117.44;2022-02-09
2022-03-31;132;-1;131;21;215;152;-;442;304;715;1,612;50;-;12;431;-;494;96;-70;124.93;2022-05-10
2022-06-30;230;-2;229;25;255;181;-;473;304;598;1,519;82;-;11;329;-;391;87;-32;124.93;2022-08-09
2022-09-30;135;-8;128;-2;192;171;-;404;315;611;1,47;65;-;11;316;-;364;41;-36;124.93;2022-10-25
2022-12-31;219;-27;192;43;188;240;7;514;385;641;1,839;73;45;38;505;-;603;119;-87;124.93;2023-02-09
2023-03-31;173;-58;115;-9;208;164;8;452;385;723;1,866;129;45;40;561;-;658;178;-74;126.26;2023-05-10
2023-06-30;206;-63;143;23;144;247;9;491;385;756;1,952;124;-;39;589;45;737;56;-92;126.26;2023-08-09
2023-09-30;225;-72;154;17;200;256;10;563;385;816;2,064;162;-;31;665;-;763;203;-159;126.26;2023-10-25
2023-12-31;794;-217;577;22;197;157;13;443;385;826;1,956;95;-;44;582;-;681;148;-113;126.26;2024-02-09
2024-03-31;152;-35;117;-17;160;191;12;509;385;848;1,608;98;-;83;699;58;875;93;-83;130.86;2024-05-06
2024-06-30;224;-41;183;35;125;106;9;467;385;861;1,598;76;-;79;648;58;805;89;-81;131.03;2024-07-15
2024-09-30;451;-107;344;37;213;218;-;807;560;1,226;4,084;206;-;103;1,192;676;2,013;264;-146;197.2;2024-10-21
2024-12-31;490;-138;352;38;123;301;-;829;560;1,196;3,208;208;-;109;1,264;561;1,962;181;-38;196.40;2025-02-17