date;revenue;cogs;gross_profit;net_profit;cash;acc_rec;inventory;curr_assets;goodwill;intangible_assets;total_assets;acc_pay;short_term_debt;current_debt;curr_liab;long_term_debt;total_liab;cash_from_operating_activities;capex;shares;real_date
2002-03-31;135;-67;68;9;132;-;-;325;34;-;1,259;-;-;-;131;615;783;1;-;47.65;2002-05-05
2002-06-30;149;-74;75;14;161;-;-;365;33;-;1,275;-;-;-;146;595;786;47;-;47.65;2002-08-14
2002-09-30;147;-77;70;10;181;-;-;394;32;-;1,318;-;-;-;174;598;816;47;-;47.65;2002-11-04
2002-12-31;149;-84;65;21;209;-;-;468;27;-;1,489;-;-;-;222;712;985;10;-;47.65;2003-02-14
2003-03-31;144;-76;68;6;155;-;-;390;25;-;1,406;-;-;-;211;638;897;39;-;47.82;2003-05-05
2003-06-30;164;-84;80;26;197;-;-;435;23;-;1,446;-;-;-;199;658;910;51;-;47.82;2003-08-14
2003-09-30;160;-84;76;12;168;-;-;422;23;-;1,411;-;-;-;207;598;861;30;-;47.82;2003-11-04
2003-12-31;173;-91;82;22;190;-;-;443;23;-;1,44;-;-;-;212;597;864;53;-;47.82;2004-02-14
2004-03-31;50;-11;39;25;97;-;-;269;21;-;1,336;-;-;-;166;452;716;22;-;47.93;2004-05-05
2004-06-30;59;-10;49;46;91;-;-;269;23;-;1,36;-;-;-;178;439;712;34;-;47.93;2004-08-14
2004-09-30;169;-11;158;52;121;-;-;320;23;-;1,435;-;-;-;228;425;757;56;-;47.93;2004-11-04
2004-12-31;98;-11;87;48;143;-;-;358;25;-;1,598;-;-;-;225;544;864;32;-;47.93;2005-02-14
2005-03-31;92;-9;83;69;172;-;-;433;25;-;1,743;-;-;-;276;571;951;44;-;48.0;2005-05-05
2005-06-30;106;-13;93;59;265;-;-;502;27;-;1,828;-;-;-;304;606;1,015;92;-;48.0;2005-08-14
2005-09-30;187;-61;126;46;227;-;72;659;155;-;2,223;-;-;-;419;822;1,367;-28;-;48.0;2005-11-04
2005-12-31;192;-64;128;17;185;-;73;619;155;-;2,262;-;-;-;508;758;1,436;51;-;48.0;2006-02-14
2006-03-31;195;-65;130;76;156;-;72;580;156;-;2,294;-;-;-;325;874;1,362;-19;-;47.94;2006-05-05
2006-06-30;210;-76;134;35;175;-;78;637;162;-;2,465;-;-;-;386;971;1,522;113;-;47.94;2006-08-14
2006-09-30;206;-72;134;-2;209;-;76;665;158;-;2,532;-;-;-;362;1,07;1,603;-12;-;47.94;2006-11-04
2006-12-31;220;-78;142;120;203;-;91;857;171;-;2,734;-;-;-;423;1,075;1,705;98;-;47.94;2007-02-14
2007-03-31;232;-88;144;37;292;-;99;805;176;-;2,696;-;-;-;383;1,033;1,628;58;-;47.15;2007-05-05
2007-06-30;241;-92;149;62;211;-;300;785;181;-;2,76;-;-;-;534;928;1,682;27;-;47.15;2007-08-14
2007-09-30;247;-93;154;76;294;-;109;945;196;-;2,941;-;-;-;573;965;1,786;13;-;47.15;2007-11-04
2007-12-31;263;-105;158;-167;230;-;112;866;197;-;2,837;-;-;-;537;941;1,895;48;-;47.15;2008-02-14
2008-03-31;319;-147;172;-;260;-;114;940;310;-;3,15;-;-;254;616;1,072;2,189;11;-;46.50;2008-05-05
2008-06-30;339;-159;180;76;279;-;132;1;312;-;3,268;-;-;216;611;1,171;2,275;67;-;46.50;2008-08-14
2008-09-30;319;-145;174;39;258;-;132;882;272;-;3,098;-;-;-;567;1,102;2,135;110;-;46.50;2008-11-04
2008-12-31;319;-124;195;-20;339;-;114;828;237;-;3,249;-;-;204;592;1,249;2,345;157;-;46.50;2009-02-14
2009-03-31;260;-124;136;31;263;-;99;730;238;-;3,28;-;-;161;535;1,328;2,349;21;-;46.50;2009-05-05
2009-06-30;244;-110;134;177;373;-;97;857;244;-;3,576;-;-;123;466;1,563;2,447;18;-;46.50;2009-08-14
2009-09-30;248;-101;147;31;347;-;100;870;266;-;3,69;-;-;-;457;1,563;2,506;-24;-;46.50;2009-11-04
2009-12-31;262;-111;151;90;554;-;95;1,102;258;-;3,684;-;-;-;482;1,602;2,421;160;-;46.50;2010-02-14
2010-03-31;251;-110;141;9;511;-;97;1,079;252;-;3,648;-;-;-;478;1,566;2,384;19;-;46.50;2010-05-05
2010-06-30;267;-104;163;-4;786;-;90;1,317;234;-;3,868;-;-;-;490;1,595;2,73;46;-39;46.50;2010-08-14
2010-09-30;261;-104;157;-46;800;-;104;1,372;259;-;4,02;-;-;-;614;1,514;2,874;61;-26;46.50;2010-11-04
2010-12-31;296;-119;177;113;802;-;96;1,359;-;261;4,08;-;-;-;793;1,333;2,85;110;-64;46.50;2011-02-14
2011-03-31;289;-121;168;31;694;-;108;1,419;310;-;4,373;-;-;-;904;1,483;3,106;26;-202;46.45;2011-05-05
2011-06-30;318;-131;187;24;490;-;115;1,195;322;-;4,328;-;-;-;866;1,472;3,064;54;-139;46.45;2011-08-14
2011-09-30;319;-120;199;98;491;-;116;1,161;-;296;4,339;-;-;-;685;1,609;3,043;42;-68;46.45;2011-11-04
2011-12-31;320;-118;202;78;529;-;114;1,132;-;292;4,418;-;-;-;763;1,575;3,079;92;-76;46.45;2012-02-14
2012-03-31;331;-122;209;94;476;-;118;1,159;-;303;4,588;-;-;-;700;1,691;3,141;52;-106;46.40;2012-05-05
2012-06-30;341;-117;224;84;463;-;108;1,111;-;296;4,669;-;-;159;617;1,828;3,221;110;-90;46.40;2012-08-14
2012-09-30;326;-111;215;226;700;-;113;1,356;-;309;4,988;-;-;183;634;1,881;3,368;85;-61;46.40;2012-11-04
2012-12-31;328;-119;209;42;576;-;112;1,282;-;319;4,981;-;-;147;619;1,86;3,331;63;-13;46.40;2013-02-14
2013-03-31;323;-133;190;70;508;-;108;1,26;-;307;4,934;-;-;138;611;1,792;3,248;8;-16;46.40;2013-05-05
2013-06-30;331;-125;206;105;387;-;108;1,244;-;302;4,906;-;-;125;616;1,786;3,198;100;-32;46.40;2013-08-14
2013-09-30;318;-122;196;81;401;-;131;1,328;-;306;5,042;-;-;125;661;1,762;3,233;45;-9;46.40;2013-11-04
2013-12-31;341;-140;201;82;386;-;125;1,218;-;309;4,946;-;-;243;698;1,608;3,11;91;-35;46.40;2014-02-14
2014-03-31;344;-148;196;49;369;-;126;1,288;-;312;5,029;-;-;262;717;1,592;3,13;20;-15;46.40;2014-05-05
2014-06-30;342;-146;196;38;383;-;127;1,319;-;319;5,114;-;-;230;725;1,645;3,205;71;-39;46.40;2014-08-14
2014-09-30;340;-148;192;61;428;-;126;1,32;-;306;5,117;-;-;223;694;1,647;3,192;41;-21;46.40;2014-11-04
2014-12-31;343;-148;195;143;364;-;110;1,152;-;276;4,839;-;-;103;522;1,59;2,979;109;-16;46.40;2015-02-14
2015-03-31;328;-135;193;84;400;-;102;1,203;-;256;4,919;-;-;121;545;1,571;3,038;66;-76;46.40;2015-05-05
2015-06-30;329;-132;197;86;386;-;108;1,189;-;267;4,975;-;-;128;545;1,618;3,047;92;-84;46.40;2015-08-14
2015-09-30;309;-120;189;-243;334;-;107;1,136;-;205;4,644;-;-;131;558;1,573;2,987;35;-21;46.40;2015-11-04
2015-12-31;340;-137;203;128;311;-;107;1,12;-;205;4,686;-;-;199;640;1,461;2,932;65;-31;46.40;2016-02-14
2016-03-31;233;-110;123;18;273;-;112;1,152;-;216;4,825;-;-;187;635;1,45;2,94;50;-20;46.40;2016-05-05
2016-06-30;239;-104;135;28;378;-;116;1,201;-;212;4,989;-;-;180;653;1,599;3,104;241;-139;46.40;2016-08-14
2016-09-30;223;-101;122;25;363;-;114;1,202;-;217;5,052;-;-;182;634;1,616;3,092;90;-19;46.40;2016-11-04
2016-12-31;173;-62;111;66;296;-;65;914;-;145;4,695;-;-;115;477;1,418;2,705;38;-27;46.40;2017-02-14
2017-03-31;139;-45;94;5;328;-;67;915;-;144;4,66;-;-;112;459;1,357;2,626;19;-4;46.40;2017-05-05
2017-06-30;146;-42;104;218;235;-;73;625;-;162;2,76;-;-;-;260;234;804;-105;-8;46.40;2017-08-14
2017-09-30;143;-45;98;-24;184;-;80;657;-;176;3,283;-;-;66;400;566;1,317;-13;-12;46.40;2017-11-04
2017-12-31;203;-62;141;38;167;-;81;636;-;171;3,273;-;-;108;466;493;1,298;169;-5;46.40;2018-02-14
2018-03-31;210;-67;143;142;171;-;78;682;-;178;3,478;-;-;114;472;507;1,373;14;-9;46.40;2018-05-05
2018-06-30;219;-64;155;-266;175;-;77;676;-;171;3,136;-;-;102;474;489;1,291;-32;-9;46.40;2018-08-14
2018-09-30;213;-62;151;90;175;-;76;666;-;170;3,199;-;-;105;466;478;1,288;35;-12;46.40;2018-11-04
2018-12-31;225;-74;151;-40;140;-;74;612;-;156;3,079;-;-;85;483;448;1,258;45;-24;46.40;2019-02-14
2019-03-31;192;-56;136;31;162;-;73;612;-;156;3,276;-;-;90;464;628;1,423;40;-9;45.95;2019-05-05
2019-06-30;200;-58;142;122;150;-;75;642;-;155;3,39;-;-;76;452;636;1,454;-10;-9;45.95;2019-08-14
2019-09-30;219;-63;156;-17;133;-;78;599;-;146;3,256;-;-;83;446;600;1,397;34;-7;45.95;2019-11-04
2019-12-31;225;-70;155;-8;153;-;82;655;-;151;3,293;-;-;92;568;429;1,413;34;-15;45.95;2020-02-14
2020-03-31;213;-64;149;-339;124;-;75;592;-;127;2,765;-;-;62;558;394;1,289;14;-13;44.58;2020-05-05
2020-06-30;195;-59;136;71;149;-;79;584;-;124;2,857;-;-;58;531;406;1,284;59;-6;44.58;2020-08-14
2020-09-30;199;-62;137;194;199;-;81;629;-;126;3,075;-;-;58;533;410;1,34;63;-6;44.58;2020-11-04
2020-12-31;200;-58;142;253;269;-;84;751;-;141;3,488;-;-;69;576;426;1,48;58;-12;44.58;2021-02-14
2021-03-31;203;-59;144;17;285;-;78;778;-;140;3,502;-;-;105;613;422;1,486;29;-11;44.58;2021-05-05
2021-06-30;225;-73;152;111;205;-;83;727;-;138;3,527;-;-;81;576;411;1,451;18;-8;44.58;2021-08-14
2021-09-30;216;-67;149;-143;214;-;87;730;-;139;3,372;-;-;82;571;406;1,404;37;-7;44.58;2021-11-04
2021-12-31;228;-78;150;68;231;-;93;746;-;135;3,448;-;-;300;821;203;1,439;38;-19;44.58;2022-02-14
2022-03-31;232;-75;157;160;183;-;94;732;-;137;3,703;-;-;292;822;302;1,553;3;-9;44.58;2022-05-05
2022-06-30;238;-77;161;8;163;-;93;671;-;120;3,393;-;-;97;605;461;1,358;7;-6;44.58;2022-08-14
2022-09-30;236;-80;156;96;159;-;100;649;-;111;3,331;-;-;90;629;424;1,315;28;-12;44.58;2022-11-04
2022-12-31;237;-81;156;157;163;-;114;730;-;129;3,711;-;-;88;658;473;1,433;26;-22;44.58;2023-02-14
2023-03-31;262;-90;172;61;162;-;117;769;-;132;3,687;-;-;119;703;459;1,429;43;-8;44.28;2023-05-05
2023-06-30;261;-86;175;158;179;-;118;809;-;128;3,795;-;-;58;607;474;1,354;18;-11;44.28;2023-08-14
2023-09-30;254;-83;171;148;186;-;118;788;-;126;3,906;-;-;42;596;464;1,334;69;-11;44.28;2023-11-04
2023-12-31;250;-81;169;80;224;-;121;811;-;132;4,105;-;-;51;645;456;1,403;64;-13;44.28;2024-02-14
2024-03-31;265;-86;179;113;187;-;114;772;-;124;4,113;-;-;58;660;418;1,223;35;-9;44.58;2024-05-06
2024-06-30;301;-108;193;173;177;-;108;862;-;145;3,815;-;-;27;630;385;1,161;13;-13;44.58;2024-08-12
2024-09-30;295;-108;187;136;154;-;117;962;-;145;3,968;-;-;26;624;386;1,161;45;-8;44.58;2024-11-04
2024-12-31;278;-89;189;94;155;-;119;764;-;125;3,758;-;-;23;637;277;1,062;3;-9;44.58;2025-02-10