date;revenue;cogs;gross_profit;net_profit;cash;acc_rec;inventory;curr_assets;goodwill;intangible_assets;total_assets;acc_pay;short_term_debt;current_debt;curr_liab;long_term_debt;total_liab;cash_from_operating_activities;capex;shares;real_date
2004-12-31;7;-5;2;1;0;4;3;8;2;-;30;-;-;-;4;12;19;-1;-1;1.66;2005-02-21
2005-03-31;9;-6;3;1;0;6;3;9;2;-;31;-;-;-;5;12;20;1;-1;2.59;2005-05-10
2005-06-30;12;-8;4;1;0;6;3;10;2;-;36;-;-;-;6;15;25;2;-5;2.59;2005-08-09
2005-09-30;16;-12;4;1;1;11;7;19;11;0;68;-;-;-;11;26;43;1;-3;2.59;2005-11-09
2005-12-31;21;-16;5;0;-;12;8;20;10;1;74;-;0;-;12;31;49;0;-7;2.59;2006-02-21
2006-03-31;20;-14;6;1;0;12;8;21;10;0;78;-;-;-;11;35;52;2;-4;3.87;2006-05-10
2006-06-30;22;-15;7;1;1;11;7;21;10;0;78;-;-;-;10;35;51;7;-1;3.87;2006-08-09
2006-09-30;21;-14;7;1;2;10;10;23;10;0;81;-;-;-;10;35;53;-1;-2;3.87;2006-11-09
2006-12-31;23;-16;7;1;5;11;11;27;12;1;90;-;-;-;13;41;60;4;0;3.87;2007-02-21
2007-03-31;22;-16;6;1;2;13;17;34;26;1;112;-;-;-;13;44;63;-1;-;5.64;2007-05-10
2007-06-30;28;-18;10;2;4;12;18;36;27;1;117;-;-;-;14;46;67;4;-6;5.64;2007-08-09
2007-09-30;27;-17;10;2;0;15;19;36;27;1;121;-;-;-;12;48;69;0;-4;5.64;2007-11-09
2007-12-31;29;-19;11;3;1;15;19;36;22;7;122;-;-;-;13;39;60;5;-1;5.64;2008-02-21
2008-03-31;34;-23;11;1;4;19;24;48;39;7;154;-;-;-;20;63;91;4;-;5.83;2008-05-10
2008-06-30;41;-28;13;3;1;21;24;47;42;7;156;-;-;2;23;61;92;1;-4;5.83;2008-08-09
2008-09-30;42;-28;14;2;7;21;23;53;37;10;164;-;2;2;24;65;99;8;-3;5.83;2008-11-09
2008-12-31;41;-27;14;-3;4;22;25;53;35;9;161;-;2;2;27;62;99;6;-2;5.83;2009-02-21
2009-03-31;37;-25;12;1;5;19;26;52;36;9;161;-;2;2;26;62;98;4;-1;11.21;2009-05-10
2009-06-30;56;-35;21;4;10;21;29;61;49;9;234;-;-;3;36;81;135;10;-1;11.21;2009-08-09
2009-09-30;60;-37;23;4;10;23;27;68;47;8;273;-;-;9;45;80;170;4;-1;11.21;2009-11-09
2009-12-31;58;-35;23;4;5;21;27;60;40;13;268;-;-;18;55;62;161;12;-8;11.21;2010-02-21
2010-03-31;54;-33;21;2;5;20;24;51;40;13;260;-;-;6;40;66;106;7;-6;13.42;2010-05-10
2010-06-30;61;-36;25;4;2;24;24;54;41;13;277;-;-;5;41;68;109;6;-19;13.42;2010-08-09
2010-09-30;65;-39;26;4;6;29;23;63;40;12;298;-;-;5;49;73;123;15;-19;13.42;2010-11-09
2010-12-31;65;-39;26;3;2;30;23;86;40;12;326;-;-;1;46;103;149;10;-15;13.42;2011-02-21
2011-03-31;93;-54;25;2;9;36;32;80;46;15;355;-;-;1;61;97;158;11;-9;19.24;2011-05-10
2011-06-30;138;-103;36;4;8;101;38;152;67;24;472;-;-;1;97;155;252;8;-11;19.24;2011-08-09
2011-09-30;146;-108;39;7;7;99;39;150;69;24;472;-;-;1;89;157;247;15;-9;19.24;2011-11-09
2011-12-31;148;-110;38;7;12;95;40;151;68;23;478;-;-;1;84;163;253;23;-14;19.24;2012-02-21
2012-03-31;147;-116;31;1;6;102;43;159;73;29;525;-;-;1;93;136;241;7;-15;21.78;2012-05-10
2012-06-30;202;-157;44;8;5;172;47;231;74;29;610;-;-;1;115;195;323;-29;-23;21.78;2012-08-09
2012-09-30;221;-171;50;10;11;204;57;286;73;28;656;-;-;1;141;211;364;7;-15;21.78;2012-11-09
2012-12-31;231;-185;46;7;4;256;64;330;74;28;709;-;-;1;173;230;415;-6;-13;21.78;2013-02-21
2013-03-31;220;-179;41;2;3;258;69;339;74;28;721;-;-;1;176;239;427;7;-13;21.46;2013-05-10
2013-06-30;38;-12;26;0;8;318;92;433;108;47;904;-;-;2;222;354;589;-16;-23;21.46;2013-08-09
2013-09-30;135;-93;41;5;16;323;98;454;106;46;939;-;-;6;228;393;634;-3;-29;21.46;2013-11-09
2013-12-31;141;-98;44;3;23;319;109;466;107;46;961;-;-;6;210;435;656;6;-22;21.46;2014-02-21
2014-03-31;126;-90;36;0;27;362;115;521;110;47;1,021;-;-;6;241;461;715;4;-14;22.13;2014-05-10
2014-06-30;134;-93;41;1;16;357;117;507;108;45;1,004;-;-;4;240;451;703;16;-20;22.13;2014-08-09
2014-09-30;144;-97;47;5;7;103;81;545;97;43;1,034;-;-;1;237;472;725;32;-20;22.13;2014-11-09
2014-12-31;139;-93;46;-18;15;94;84;199;99;43;715;-;-;1;104;272;416;48;-31;22.13;2015-02-21
2015-03-31;174;-117;57;1;68;117;96;297;270;45;1,093;-;-;1;155;556;772;20;-37;25.23;2015-05-10
2015-06-30;196;-122;75;13;33;123;112;293;214;94;1,123;-;-;22;174;542;800;4;-38;25.23;2015-08-09
2015-09-30;213;-132;81;16;36;145;117;332;244;115;1,242;-;-;1;183;530;803;44;-36;25.23;2015-11-09
2015-12-31;225;-150;74;10;16;133;119;317;246;113;1,229;-;-;1;182;508;782;39;-15;25.23;2016-02-21
2016-03-31;218;-143;75;10;29;139;109;328;245;109;1,251;-;-;1;168;560;824;19;-46;33.95;2016-05-10
2016-06-30;227;-140;87;17;16;154;112;313;245;106;1,265;-;-;1;168;537;802;43;-65;33.95;2016-08-09
2016-09-30;225;-133;92;21;16;157;115;319;261;104;1,338;-;-;1;168;598;865;35;-80;33.95;2016-11-09
2016-12-31;222;-139;83;14;27;158;130;349;260;107;1,425;-;-;1;170;658;938;39;-74;33.95;2017-02-21
2017-03-31;223;-144;79;6;21;146;154;355;260;105;1,487;-;-;1;156;652;917;7;-95;36.0;2017-05-10
2017-06-30;273;-165;108;26;14;176;151;371;258;102;1,532;-;-;1;168;688;969;35;-73;36.0;2017-08-09
2017-09-30;253;-147;106;24;19;201;145;393;256;100;1,559;-;-;1;192;712;1,008;59;-56;36.0;2017-11-09
2017-12-31;264;-158;106;17;72;214;178;500;288;136;1,749;-;-;58;263;790;1,172;24;-43;36.0;2018-02-21
2018-03-31;266;-171;96;9;14;229;189;464;333;132;1,779;-;-;1;204;867;1,196;16;-41;34.75;2018-05-10
2018-06-30;313;-191;123;20;86;279;199;600;318;149;1,946;-;-;66;302;911;1,346;29;-53;34.75;2018-08-09
2018-09-30;308;-180;128;24;25;270;217;545;316;145;1,905;-;-;1;236;956;1,307;20;-51;34.75;2018-11-09
2018-12-31;316;-202;114;18;43;247;216;540;321;145;1,957;-;-;1;239;980;1,34;100;-47;34.75;2019-02-21
2019-03-31;297;-186;111;7;40;253;227;556;319;140;2,103;-;-;45;293;991;1,499;35;-74;38.09;2019-05-10
2019-06-30;326;-189;137;22;33;266;240;576;318;136;2,131;-;-;20;256;1,036;1,507;41;-50;38.09;2019-08-09
2019-09-30;355;-213;143;29;51;294;237;616;319;133;2,206;-;-;20;282;1,072;1,565;75;-65;38.09;2019-11-09
2019-12-31;363;-221;142;25;22;309;225;588;360;165;2,267;-;-;23;280;1,03;1,537;66;-66;38.09;2020-02-21
2020-03-31;307;-197;111;-5;118;298;249;704;367;158;2,453;-;-;24;285;1,207;1,712;46;-53;35.98;2020-05-10
2020-06-30;244;-142;102;3;66;269;239;604;363;154;2,301;-;-;24;265;1,115;1,592;69;-29;35.98;2020-08-09
2020-09-30;297;-174;124;17;83;310;235;659;418;152;2,387;-;-;22;319;1,153;1,677;81;-25;35.98;2020-11-09
2020-12-31;302;-181;121;13;70;285;236;619;398;162;2,294;-;-;23;295;1,11;1,608;64;-38;35.98;2021-02-21
2021-03-31;301;-193;108;7;84;290;233;642;396;158;2,319;-;-;23;330;1,129;1,646;68;-58;38.09;2021-05-10
2021-06-30;322;-198;124;17;43;316;237;633;395;155;2,318;-;-;23;340;1,046;1,566;39;-55;38.09;2021-08-09
2021-09-30;400;-253;147;22;77;322;253;692;447;153;2,498;-;-;22;380;1,142;1,719;98;-95;38.09;2021-11-09
2021-12-31;390;-248;142;23;75;329;255;700;487;181;2,589;-;-;119;475;1,101;1,788;79;-72;38.09;2022-02-21
2022-03-31;400;-277;123;4;69;329;276;736;485;178;2,626;-;-;19;389;1,231;1,843;25;-54;47.31;2022-05-10
2022-06-30;529;-355;174;30;60;445;326;939;726;174;3,246;-;-;22;497;1,654;2,399;35;-119;47.31;2022-08-09
2022-09-30;587;-364;223;49;97;460;349;1,011;740;175;3,461;-;-;29;499;1,639;2,443;105;-95;47.31;2022-11-09
2022-12-31;543;-352;191;27;140;468;335;1,046;626;300;3,549;-;-;31;580;1,614;2,53;170;-99;47.31;2023-02-21
2023-03-31;527;-362;165;7;92;425;384;1,018;626;296;3,551;-;-;32;525;1,689;2,547;-11;-78;51.99;2023-05-10
2023-06-30;627;-406;222;37;51;574;385;1,11;700;294;3,807;-;-;33;580;1,671;2,595;77;-137;51.99;2023-08-09
2023-09-30;688;-444;244;50;64;625;383;1,152;702;290;3,946;-;-;35;595;1,736;2,697;117;-134;51.99;2023-11-09
2023-12-31;657;-427;230;29;104;584;408;1,159;713;332;4,08;-;-;37;619;1,826;2,834;170;-157;51.99;2024-02-21